2880 4720
252 439 316 506 366
606 433 663 494 DE
686 430 958 493 outtoatnus

250 616 349 700 prima
369 612 549 676 discentium
568 612 738 690 elementa,
761 612 792 672 in
815 611 927 694 quibus
949 621 979 670 et
996 610 1069 691 ipsis
1091 627 1199 692 porum
1232 611 1297 670 ela·

251 725 397 798 horatur,
419 745 475 786 nec
493 724 527 782 in
549 720 725 782 auctoribus
748 716 963 801 cognoscendis
984 736 1043 776 uec
1064 716 1096 774 in
1118 713 1293 777 evolvenda

253 807 431 913 antiquitate
456 850 512 899 nec
533 830 564 888 in
586 828 695 888 notitia
719 825 768 886 vel
786 847 890 888 rerum
912 824 961 886 vel
977 823 1198 884 hominumvel
1215 835 1298 886 mm·

251 961 361 1020 porum
381 939 450 1000 satis
471 957 584 1020 operae
605 937 775 998 insumitur.
817 933 878 994 Sed
899 942 1087 1014 expetuntur
1113 953 1192 1013 quos
1221 899 1353 994 she-30

252 1059 334 1106 toras
350 1057 478 1118 vocant;
501 1065 633 1126 quorum
655 1041 802 1124 professio
831 1040 955 1122 quando
983 1042 1118 1120 primum
1151 1042 1184 1100 in
1213 1021 1322 1100 hane5

252 1155 359 1214 urbem
382 1153 557 1214 introducta
576 1155 614 1212 sit
635 1136 789 1239 quamque
811 1149 928 1210 nullam
960 1148 1042 1230 apud
1071 1148 1202 1209 maiores
1235 1169 1297 1208 no·

251 1273 329 1322 stros
349 1263 559 1340 auctoritatem
579 1261 741 1336 habuerit,
761 1261 863 1320 statim
887 1258 1048 1336 dicturus,
1071 1257 1205 1340 referam
1240 1279 1296 1318 ne·
1397 1271 1398 1322 t

254 1387 336 1426 cesse
358 1379 400 1426 est
422 1371 558 1428 animum
577 1367 615 1426 ad
637 1387 703 1426 eam
725 1362 937 1445 disciplinam,
969 1340 1130 1444 qrsa'usos
1148 1383 1214 1422 esse
1243 1383 1296 1422 ens

252 1484 385 1534 oratores
405 1476 593 1554 accepimus,
631 1491 762 1553 quorum
785 1470 919 1530 infinitus
942 1469 1029 1530 labor
1057 1479 1087 1528 ct
1115 1468 1295 1549 quotidiana

251 1579 408 1640 meditatio
434 1581 514 1640 etin
536 1580 618 1638 omni
641 1599 751 1660 genere
771 1578 943 1640 studiorum
974 1575 1114 1636 assiduae
1144 1578 1338 1640 exercita-to
1397 1593 1398 1654 4

252 1690 349 1746 tiones
368 1687 505 1768 ,ipsorum
527 1689 616 1760 etiarn
642 1672 843 1749 continentur
863 1687 959 1751 libris.
1003 1687 1097 1746 Notus
1132 1664 1177 1744 est
1204 1684 1294 1744 vobis
1397 1661 1398 1704 t

252 1796 357 1876 utiquc
378 1796 531 1856 Ciceronis
552 1793 633 1857 liber
654 1797 708 1878 qui
728 1797 840 1856 Brutus
861 1796 1062 1870 inscribitur-3
1085 1795 1116 1852 in
1137 1795 1224 1854 cuins
1240 1815 1293 1853 ex.
1397 1853 1398 1882 ,

253 1914 351 1962 trema
372 1911 459 1983 parte
481 1902 568 1982 (nam
589 1906 674 1984 prior
694 1906 1014 1964 commemorationem
1050 1912 1187 1963 veterum
1220 1905 1292 1960 ora·

252 2019 352 2068 torum
382 2009 483 2090 habet)
513 2030 566 2070 sua
599 2009 703 2084 initia,
738 2029 807 2069 suos
835 2007 968 2090 gradus,
998 1989 1070 2068 suae
1101 2007 1293 2085 eloquentiae

253 2113 336 2174 velut
357 2114 509 2196 quandam
529 2115 742 2178 educationem
766 2117 878 2176 refert:
900 2137 932 2174 se
953 2114 1033 2195 apud
1056 2115 1208 2191 Quintum
1221 2116 1331 2180 Mis-15

253 2223 334 2282 cium
362 2221 410 2284 ‘ius
436 2224 525 2284 civile
557 2223 714 2303 didicisse,
753 2223 832 2304 apnd
867 2221 1027 2282 Philonem
1061 2219 1288 2296 Academicum,

252 2328 334 2410 apud
347 2307 515 2390 Diodotum
537 2332 672 2392 Stoicum
695 2351 801 2392 omncs
819 2328 1025 2412 philosophiae
1046 2339 1149 2410 partes
1170 2331 1290 2408 penitus

252 2433 407 2513 hausisse3
429 2455 529 2516 neque
544 2434 590 2494 his
611 2436 789 2496 doctoribus
802 2429 994 2511 contentum,
1010 2453 1144 2514 quorum
1159 2438 1187 2496 ci
1199 2439 1288 2518 copia

253 2542 286 2600 in
304 2541 382 2602 urbe
401 2544 585 2628 contigerat,
610 2542 762 2602 Achaiam
784 2561 908 2623 quoque
930 2551 960 2600 et
979 2540 1082 2600 Asiam
1105 2563 1287 2625 peragrasse,

253 2661 289 2710 ut
310 2669 431 2710 omnem
452 2649 589 2708 omnium
608 2649 720 2708 artium
740 2649 919 2726 varietatem
941 2647 1204 2730 complecteretur.
1231 2650 1327 2708 lta-ao
1395 2695 1396 2734 ,

246 2760 316 2834 'que
333 2752 434 2812 hercle
453 2754 484 2810 ln
510 2751 593 2810 libris
616 2753 772 2814 Ciceronis
794 2753 1019 2834 deprehendere
1040 2752 1113 2814 licet
1133 2775 1195 2816 non
1218 2777 1287 2838 geo-

257 2860 384 2920 metriae
400 2879 461 2918 non
484 2860 614 2952 musicae
636 2865 698 2944 no'n
719 2862 953 2950 grammaticae,
973 2883 1034 2922 non
1055 2862 1186 2944 denique
1198 2865 1287 2926 ullius

254 2971 403 3049 ingenuae
422 2969 495 3028 artis
515 2969 671 3052 scientiam
691 2972 718 3030 ei
740 2969 880 3032 defuisse.
923 2969 976 3032 llle
996 2968 1170 3032 dialecticae
1191 2973 1286 3034 subti-
1394 3001 1395 3078 p

254 3073 389 3152 litatem,
413 3073 464 3138 ille
485 3076 607 3138 moralis
628 3079 725 3159 partis
745 3076 927 3158 utilitatem,
964 3077 1014 3138 ille
1051 3099 1154 3138 rerum
1186 3091 1285 3142 motus
1394 3089 1395 3155 l

182 3239 186 3244 .
254 3204 416 3266 causasque
436 3197 629 3268 cognoverat.
671 3189 715 3248 lta
736 3198 781 3248 est
803 3187 895 3264 enim,
918 3187 1027 3270 optimi
1049 3187 1127 3264 viri,
1147 3187 1199 3246 ita.
1242 3181 1321 3246 Exti

256 3291 353 3354 multa
384 3294 558 3355 eruditione
588 3305 618 3354 ct
651 3295 791 3376 plurimis
825 3296 940 3356 artibus
960 3305 991 3356 et
1017 3297 1156 3358 omnium
1184 3313 1281 3358 rerunt
1393 3363 1394 3366 Ἴ

193 3387 195 3390 ’
255 3399 379 3462 scicntia
413 3396 544 3486 exundat
572 3409 602 3462 et
635 3399 779 3460 exuberat
800 3395 852 3458 illn
882 3399 1066 3462 admirabilis
1094 3399 1279 3482 eloquentia;
1393 3397 1394 3404 '

256 3524 354 3586 neque
373 3506 500 3568 oratoris
522 3508 565 3566 vis
584 3516 617 3566 et
635 3505 778 3584 facultas,
803 3508 880 3568 sicut
899 3516 1070 3570 ceterarum
1092 3527 1206 3584 rerum,
1229 3527 1280 3566 an-

348 3763 370 3800 ι.
386 3748 532 3802 laboratur
553 3747 593 3810 F,
611 3757 639 3800 et
657 3749 681 3802 3.
700 3751 843 3827 nuntians:
861 3752 962 3806 notitia
981 3750 1106 3804 Pichcna.
1192 3807 1194 3816 ,

342 3836 369 3904 4.
386 3839 520 3894 insumere
538 3843 567 3895 1².
595 3840 754 3910 patieturne
770 3844 789 3893 l.
807 3845 848 3896 rr.
867 3846 1031 3898 Gronovius:
1051 3843 1116 3898 libri
1138 3843 1171 3898 de
1191 3834 1278 3900 'curtis

278 3970 284 3990 s
346 3937 370 3988 8·
386 3952 440 4006 quo
457 3953 538 3990 ausos
555 3939 584 3988 t.
618 3939 682 3990 Μαι
704 3956 740 4012 rr.
759 3940 838 3994 vebis
856 3940 1012 3994 Rhenanus:
1030 3939 1139 3996 codices
1155 3941 1241 3997 nelis.

330 4031 368 4084 ss.
387 4031 409 4084 F
426 4028 543 4101 reflare,
561 4038 590 4084 et
610 4037 647 4088 rs
666 4035 780 4102 copiam.
