2906 4724
155 395 158 408 ’
196 409 265 474 co
594 405 883 470 nisronmnuu

63 594 92 662 (ι
114 588 141 642 C.
158 593 212 664 69.)
224 595 380 666 nocentem
399 586 654 668 innocentemque
674 587 751 648 idem
773 590 869 648 exitus
889 597 1026 664 maneat,
1048 584 1175 648 acrioris
1190 585 1248 648 uiri

64 749 187 784 *stu-¹⁸⁸·

224 717 288 758 esso
309 696 420 756 merito
448 695 555 777 perire.
597 696 666 756 Non
693 707 758 756 erat
779 696 911 756 Otlicais
941 692 1040 756 mellis
1067 706 1098 755 et
1127 697 1248 777 corpori
1258 674 1315 758 w

218 801 328 884 ¹similis
349 801 478 864 animus.
519 802 561 862 Et
582 803 682 864 intimi
711 803 888 864 libertorum
908 823 1149 878 servorumque,
1174 823 1248 862 cor.
1331 855 1338 869 ,

222 910 344 988 ruptius
364 930 454 990 quam
476 909 506 970 in
528 911 645 990 privata
666 909 758 970 domo
782 910 894 986 habiti,
933 911 1034 970 aulam
1056 909 1250 973 Neronis·et

223 1015 323 1088 luxus,
347 1015 492 1077 adulteria
514 1018 705 1078 matrimonia
725 1029 901 1100 ceterasque
922 1037 1088 1098 regnorum
1110 1015 1279 1079 libidines5

159 1153 170 1166 ν
218 1123 312 1194 ,avido
334 1125 450 1198 talium,
472 1125 496 1184 si
514 1125 651 1198 auderet,
672 1137 706 1185 ut
726 1145 779 1186 sua
800 1135 995 1196 ostentantes,
1013 1126 1188 1207 -quiesccnti
1216 1133 1251 1184 ut

218 1221 321 1317 *illem*
343 1231 586 1311 exprobrabant,
608 1227 787 1312 urgentibus
809 1236 899 1294 etiam
920 1219 1149 1306 mathematicis,
1177 1229 1252 1290 dum

219 1355 318 1398 noros
339 1348 438 1402 motus
457 1349 487 1400 et
508 1339 624 1399 clarum
647 1339 764 1399 Othoni
789 1359 903 1398 annum
923 1340 1137 1424 observatione
1171 1337 1253 1398 side-
1296 1325 1297 1331 ἵ

224 1467 294 1510 rum
314 1445 479 1521 affirmant,
507 1466 600 1526 genus
621 1445 780 1506 hominnm
810 1445 986 1528 potentibus
1010 1446 1153 1522 infidum,
1182 1467 1252 1528 spe·

224 1554 360 1620 rantibus
382 1553 480 1628 fallax,
502 1553 586 1634 qnod
607 1553 638 1610 in
661 1553 785 1612 civitate
798 1563 899 1611 noema
913 1561 944 1611 et
967 1553 1120 1614 vetabitur
1136 1573 1252 1634 semper
1265 1569 1301 1611 to

98 1675 102 1686 “
157 1725 163 1736 ⁴
220 1672 252 1722 et
286 1661 474 1745 retinebitur.
518 1659 631 1720 Multos
660 1669 777 1722 secreta
809 1661 978 1740 Poppaeae
1004 1661 1250 1739 mathematicos,

222 1768 386 1852 pessimum
422 1758 596 1850 principalis
629 1764 815 1829 matrimonii
843 1764 1103 1846 instrumentum,
1136 1769 1251 1830 habue-

149 1961 153 1967 .
223 1887 313 1954 rant,
334 1897 351 1938 e
374 1875 484 1960 quibus
504 1859 694 1936 Ptolemaeus
707 1875 826 1935 Othoni
842 1876 874 1934 in
896 1873 1038 1956 Hispania
1055 1895 1166 1952 comes,
1181 1895 1251 1935 cuns
1344 1926 1347 1930 ,

223 1985 447 2067 superfuturum
468 2003 535 2044 enm
553 1983 879 2065 Neroni-promisisset,
900 1991 1060 2063 postquam
1084 2003 1118 2042 ex
1140 1994 1250 2044 eventu

223 2092 297 2152 fides
306 2140 326 2170 ,,
336 2069 509 2152 coniectura
531 2092 592 2150 iam
615 2099 647 2152 et
668 2111 795 2152 rumore
815 2091 932 2150 senium
954 2090 1072 2150 Galbae
1094 2099 1124 2148 et
1143 2089 1319 2150 iuven-15-

223 2211 285 2262 tarn
310 2199 444 2260 Othonis
465 2200 705 2279 computantium
727 2207 914 2274 persuaserat
935 2197 1017 2273 fore,¹
1038 2183 1123 2256 utin
1154 2199 1249 2278 impe·

223 2309 302 2370 rium
322 2309 549 2368 adscisceretur.
591 2303 652 2366 Sed
674 2304 759 2364 Otho
781 2315 927 2386 tanquam
945 2303 1055 2384 peritia
1079 2314 1109 2365 et
1130 2306 1249 2364 monitu
1272 2355 1277 2364 ,

1311 2255 1315 2294 l

225 2415 358 2476 fatorum
393 2413 547 2494 praedicta
583 2409 772 2492 accipiebat,
806 2413 946 2494 cupidine
981 2410 1093 2492 ingenii
1123 2409 1279 2470 humani‘

164 2605 166 2611 Ι
225 2522 369 2582 libentius
392 2520 520 2579 obscura
543 2518 694 2584 credendi.
737 2518 796 2578 Nee
820 2519 924 2580 deerat
945 2515 1164 2595 Ptolemaeus,
1188 2518 1246 2578 iam
1258 2493 1315 2575 23

227 2638 256 2688 et
276 2628 394 2688 sceleris
413 2624 592 2697 instinctor,
616 2624 654 2684 ad
675 2625 759 2707 quod
780 2625 920 2684 facillime
938 2623 977 2682 ab
999 2622 1145 2683 eiusmodi
1178 2623 1297 2686 votoao

227 2734 381 2794 transitur.
421 2733 481 2793 Sed
502 2729 621 2791 sceleris
641 2731 785 2811 cogitatio
806 2732 952 2791 incertum
973 2750 1010 2789 au
1035 2749 1163 2810 repens:
1185 2743 1249 2791 stu·

229 2837 279 2897 dia
302 2837 427 2898 militum
448 2841 507 2898 iam
529 2838 643 2920 pridem
666 2859 718 2918 spe
738 2837 934 2896 successionis
966 2845 1016 2892 aut
1037 2840 1146 2915 paratu'
1174 2837 1249 2898 faci.
1341 2845 1349 2860 ¹
1441 2857 1442 2868 ¹

228 2943 313 3005 noris
333 2941 542 3018 affectaverat,
565 2942 597 3000 in
620 2944 729 3000 itinere
750 2943 779 2998 in
801 2944 921 3021 agmine
943 2941 972 2998 in
996 2943 1173 3006 stationibus
1196 2967 1252 3006 ve·

227 3029 422 3114 tristissimum
442 3069 593 3131 quemque
615 3049 740 3107 militum
758 3050 882 3107 nomine
904 3067 1023 3125 vocans,
1045 3071 1079 3110 ac
1101 3055 1249 3115 memoria

227 3143 405 3231 Neroniani.
416 3157 574 3216 comitatus
587 3155 822 3216 contubernales
843 3133 1040 3234 appelland03
1062 3156 1135 3218 alios
1146 3145 1247 3241 'agam
1260 3155 1300 3222 25

227 3281 330 3341 scere,
347 3261 504 3344 ‚quosdam
526 3263 757 3352 requir·er'e,et
784 3261 909 3340 pecunia
929 3271 982 3320 sut
1003 3265 1101 3342 gratia
1124 3265 1248 3344 invare,

226 3369 389 3440 inserendo
409 3367 525 3451 saepius
545 3369 684 3450 querelas
707 3375 738 3426 et
770 3366 984 3447 ambiguos'de
1000 3370 1102 3432 Galba
1132 3349 1249 3433 seruic-

217 3459 297 3552 *nes,
334 3485 475 3563 quaeque
495 3476 555 3540 alia
574 3477 768 3540 turbamenta
801 3472 893 3556 volgi.
935 3475 1068 3539 Labores
1095 3459 1250 3557 itinerum,

227 3595 471 3609 Μ

461 3621 463 3628 Ι
485 3613 487 3620 i

288 3640 294 3654 Χ
313 3667 336 3720 5·
357 3639 494 3720 adulteria
513 3675 541 3718 et
557 3661 734 3716 matrimonia
753 3670 816 3741 sunt
832 3639 965 3721 adulteria
983 3683 1043 3721 cuin
1062 3667 1196 3720 matribus
1209 3669 1249 3720 ia-

226 3760 361 3812 miliarum
378 3778 426 3829 pro
445 3761 534 3813 lubitu
552 3735 752 3806 columittencla.
779 3757 907 3812 libidines
936 3763 1027 3828 accipe
1052 3733 1250 3825 significatione

227 3863 350 3905 concreta
379 3871 430 3925 pro
457 3847 641 3907 instrumentis
667 3849 843 3918 complendae
872 3853 1016 3919 libidinis,
1048 3855 1250 3924 Gegenstaende

228 3943 278 4000 der
297 3948 422 4004 Wollust.
519 3981 522 3989 Δ

299 4060 338 4109 ⁸9·
360 4031 487 4091 cr‘edendi
505 4031 758 4090 Pichena:¹codices
780 4036 863 4092 credi.
