2890 4728
590 416 676 480 CAP.
701 419 831 484 li-lb·
1152 418 1213 485 323

191 605 290 658 menta
311 595 464 660 servitutis
484 606 516 658 et
528 619 618 680 reges.
661 599 730 658 Mox
747 597 857 665 Didius
878 595 1084 684 Gallus'p‘arta
1105 597 1216 678 aprio·

192 704 285 782 ribus,
300 703 461 780 continuit,
482 707 584 784 paucis
605 703 768 766 admodum
788 705 915 788 castellio
933 707 966 766 io
979 703 1123 764 ulteriora
1144 723 1220 784 pro·

191 811 300 888 anons,
330 831 384 892 per
408 833 487 894 quae
515 811 595 872 lama
623 811 704 872 aucti
735 807 825 878 officii
847 819 1054 893 quaereretur.
1096 807 1221 870 Didium
1232 802 1377 883 (autu)

195 915 346 994 Veranius
364 919 492 1001 excepit,
516 920 600 1002 isque
620 921 700 978 iutra
720 937 834 978 annum
858 905 1019 980 exstinctus
1039 927 1094 980 est.
1114 916 1224 978 Sueto.

150 1001 184 1089 Ι5
197 1027 265 1086 nius
288 1026 361 1088 hinc
383 1028 533 1089 Paulinus
553 1027 677 1090 biennio
698 1044 854 1108 prosperas
876 1047 923 1088 res
945 1026 1074 1104 babuit,
1097 1024 1227 1086 subactis

200 1131 374 1212 nationibus
396 1132 581 1214 firmatisque
605 1131 778 1212 praesidiis3
812 1150 945 1212 quorum
970 1131 1086 1193 fiducia
1105 1133 1236 1192 Monam
1296 1207 1303 1214 ι

200 1235 349 1316 insulam,
372 1248 405 1297 ut
426 1241 503 1299 vires
523 1235 686 1327 rebellibus
707 1236 950 1313 ministrantem,
971 1237 1126 1318 adgressus
1148 1247 1388 1326 ingenuum)

136 1322 354 1404 lboccastont
376 1343 530 1424 patefecit.
574 1343 708 1424 Namque
723 1341 864 1404 absentia
885 1341 973 1422 legati
994 1354 1116 1404 remoto
1139 1354 1232 1418 metu,

200 1443 338 1509 Britanni
359 1451 473 1528 agitare
495 1451 624 1510 interae
645 1443 723 1508 mala
744 1449 921 1520 servitutis,
944 1448 1087 1508 conferre
1108 1449 1255 1517 iniurius¹

155 1565 234 1614 roet
254 1554 484 1636 interpretando
506 1554 680 1620 accendere.
709 1553 808 1616 ¹Nihil
831 1554 935 1634 profici
970 1557 1138 1634 patientia,
1176 1553 1236 1616 nisi

201 1667 238 1718 ut
259 1661 397 1740 graviora
417 1669 563 1740 tanquam
578 1679 614 1718 ex
628 1657 709 1719 facili
728 1657 930 1720 tolerantibus
941 1661 1144 1744 imperentur.
1166 1660 1236 1721 Sin·

204 1761 289 1844 gulos
310 1761 370 1828 sibi
393 1764 464 1824 olim
484 1785 569 1847 reges
589 1765 699 1844 luisse,
720 1785 803 1826 nunc
824 1765 915 1826 binos
933 1767 1069 1847 imponi,
1092 1767 1238 1849 equibus

203 1867 319 1958 legatus
339 1869 370 1928 in
385 1873 586 1951 *sanguinem
609 1883 794 1955 procurator
817 1873 850 1932 in
871 1873 952 1934 bona
971 1874 1112 1936 saeviret.
1134 1850 1240 1956 Aeqire

110 2037 137 2066 1,
205 1977 387 2038 discordiam
408 1981 660 2060 praepositorum,
683 1999 780 2061 aeque
800 1979 998 2040 concordiam
1019 1981 1160 2042 subiectis
1175 1981 1240 2040 exi.

65 2151 69 2156 ,
158 2077 326 2149 rbtiosam.
369 2081 505 2144 Alterius
527 2083 662 2172 [manus]
684 2082 890 2158 centuriones,
911 2082 1035 2142 alterius
1054 2103 1158 2146 servos
1180 2090 1242 2146 uim
1292 2167 1293 2172 η

150 2262 151 2266 ¹
208 2203 238 2252 et
257 2190 455 2252 contumelias
484 2191 623 2250 miscere
662 2189 747 2250 Nihil
768 2189 829 2250 iam
857 2190 1035 2270 cupiditati,
1066 2191 1142 2252 nihil
1170 2191 1242 2252 libi.

207 2295 272 2356 dini
305 2303 475 2376 exceptum.
527 2294 562 2352 lo
591 2291 709 2372 praelio
741 2290 905 2354 fortiorem
935 2313 997 2354 esse
1027 2294 1081 2376 qui
1113 2293 1241 2374 spolietr

207 2422 290 2462 nuuc
309 2400 348 2460 ab
368 2395 486 2481 ignavis
504 2394 683 2478 plerumque
704 2411 734 2457 et
755 2395 929 2458 imbellibus
947 2397 1024 2478 eripi
1045 2397 1163 2475 domos,
1184 2401 1241 2460 ab.

207 2507 304 2572 strabi
324 2505 451 2582 liberos,
475 2503 593 2586 iniungi
613 2501 759 2582 delectus,
779 2513 925 2586 tauquam
947 2505 1027 2566 mori
1050 2514 1168 2569 tantum
1185 2527 1242 2588 pro

215 2626 449 2642 w-

296 2713 320 2766 7.
338 2698 414 2749 viret
434 2691 593 2746 Rhenanus:
612 2687 656 2743 AB
675 2691 762 2748 viror.
989 2750 991 2753 .

215 2772 217 2786 ’
283 2793 322 2845 15.
340 2789 594 2855 Alterius-servor]
621 2787 739 2840 alteriue
769 2801 883 2848 munuc,
924 2785 1096 2841 centurionis
1127 2785 1244 2840 alteriue

210 2899 303 2938 terroe
319 2880 363 2934 Vb
384 2888 413 2931 ct
430 2881 460 2930 U.
478 2896 570 2936 servos
589 2879 664 2932 deest
675 2881 726 2944 At,
745 2882 919 2938 centuriones
930 2883 1032 2950 primus
1050 2881 1158 2950 scripsit
1171 2879 1243 2931 Rhe·

210 2990 315 3036 nanus‚
330 2973 451 3026 ¹alterius
465 2989 580 3044 manue,
599 2978 772 3028 centuriones
790 2977 906 3035 alterius
921 2977 942 3026 Ι.
965 2977 1007 3028 ur.
1028 2977 1191 3028 Gronoviun
1209 2971 1245 3018 έ-

209 3068 248 3124 Et
266 3065 419 3120 Gronovius
440 3068 534 3137 etqui
555 3069 614 3118 cius
633 3069 791 3138 scripturam
812 3068 962 3138 probavere
982 3068 1034 3120 boc
1062 3067 1144 3121 obliti
1173 3078 1246 3132 sunt,

211 3177 298 3215 manu
316 3162 455 3216 cohortem
474 3169 502 3214 et
522 3164 678 3214 comitatum
698 3163 880 3230 procuratoris
898 3163 1045 3232 significari
1062 3169 1159 3232 porse,
1187 3182 1246 3216 mo·
1345 3183 1347 3188 ·

163 3263 164 3270 ’
214 3255 295 3307 nibus
313 3271 369 3308 uon
385 3273 475 3328 posse.
511 3256 560 3308 Siu
578 3264 668 3308 autem
689 3257 805 3309 alterius
819 3275 917 3310 manus
928 3260 1102 3324 centuriones
1116 3271 1180 3308 ‘cum
1194 3241 1265 3308 Ito-¹

215 3349 275 3401 thio
295 3349 459 3420 explicamus
477 3335 593 3402 ulterius¹
611 3349 717 3416 (legati)
733 3365 829 3402 manus
848 3347 967 3418 (iliade)
990 3351 1164 3402 centuriones
1179 3365 1247 3412 erse,

215 3443 335 3511 primum
355 3443 491 3495 enuntiati
511 3450 600 3512 partes
619 3457 674 3494 non
693 3449 756 3511 apte
773 3441 826 3493 sibi
845 3451 1037 3512 opponuntur,
1056 3451 1114 3493 tum
1133 3441 1162 3492 id
1182 3458 1248 3494 acu·
1336 3438 1339 3450 '

217 3553 282 3590 men
301 3533 423 3590 barbaris
443 3551 499 3588 non
517 3533 660 3597 convenit,
677 3533 797 3604 denique
814 3549 888 3596 esre,
917 3533 940 3586 si
967 3537 1007 3586 ita
1033 3533 1181 3602 respondet
1204 3551 1248 3586 se-

220 3633 319 3702 quenti
335 3634 463 3694 miscere,
479 3645 535 3682 uon
554 3635 645 3700 potest
662 3619 761 3680 obiiti.
796 3611 866 3680 Mihi
884 3627 938 3680 loci
957 3628 1111 3696 corruptela
1128 3628 1158 3678 in
1174 3628 1249 3680 h'unc

220 3726 330 3777 modum
348 3736 408 3780 orta
427 3725 543 3781 videtur.
577 3723 689 3790 Propter
706 3721 825 3776 ricinum
843 3721 960 3776 alterius
981 3738 1083 3774 nomeu
1106 3722 1251 3784 centurio-

223 3833 270 3868 nes
296 3834 327 3868 m
351 3817 520 3874 centurionis
539 3833 555 3868 a
573 3817 685 3869 librario
704 3819 876 3886 corruptum=
891 3823 947 3886 est;
966 3817 1020 3870 iam
1048 3817 1160 3893 genititi
1178 3815 1252 3880 regi·
1344 3806 1346 3810 ’

222 3904 286 3963 men
324 3927 384 3962 cnm
418 3913 540 3978 deesset,
579 3919 714 3966 corrector
748 3929 845 3963 monus
881 3911 1078 3980 interposuit„
1099 3891 1256 3962 riructurae

225 4023 308 4075 quam
329 4009 479 4062 sententiae
496 4005 672 4064 sustinendae
691 4023 738 4078 pro
758 4023 832 4060 more
860 4007 1082 4075 interpolatorum
1111 4001 1251 4060 curiosior·
