2912 4730
196 308 255 398 rao
565 251 852 366 ursrounanu
917 393 922 404 „
984 339 992 347 .

30 489 59 555 (a
74 484 179 576 ⁰3⁶⁹)
192 485 292 573 gentio
314 483 451 544 fortunae
480 493 510 544 et
534 483 636 562 pravis
663 480 815 562 magistris
849 475 955 540 didicit
988 495 1139 560 aususque
1171 485 1224 538 est.

189 588 326 670 Propriis
362 610 484 672 quoque
521 588 630 669 opibus
659 589 818 648 Mucianus
847 583 961 646 bellum
993 585 1090 660 iuvit,
1123 583 1226 664 largus

189 695 343 778 privatim,
368 696 451 778 quod
472 695 590 756 avidius
604 693 641 754 de
662 714 694 752 re
715 692 837 774 publica
860 703 1000 752 sumeret.
1042 692 1139 752 Ceteri
1152 712 1225 750 con.

189 802 387 864 serendarum
408 803 610 883 pecuniarum
631 801 799 880 exemplum
817 802 932 862 secutis
955 801 1126 860 rarissimus
1144 800 1226 880 quis-
1292 813 1296 820 ’

191 932 249 994 que
271 909 400 970 eandem
424 909 455 968 iu
476 903 673 990 reciperando
693 906 846 984 licentiam
865 906 1052 967 habueruut.
1235 900 1253 960 5
1289 913 1295 924 ¹

273 1017 449 1079 Accelerata
469 1017 590 1076 iuterim
615 1015 791 1097 Vespasiani
812 1025 917 1096 coepta
943 1012 1060 1095 lllyrici
1078 1017 1225 1075 exercitus
1235 998 1291 1076 85

192 1125 292 1188 studio
310 1125 487 1207 transgressi
507 1128 538 1186 in
563 1131 674 1206 ptrtes.
714 1125 817 1184 Tertia
833 1123 910 1206 legio
931 1123 1101 1204 exemplum
1120 1121 1227 1182 ceteris

192 1214 508 1312 Moesiaelegionibus
518 1229 668 1310 praebuit.
709 1229 828 1290 Octava
848 1240 914 1288 erat
934 1249 970 1288 ac
989 1229 1120 1310 septima
1134 1225 1226 1288 Clau·

194 1339 293 1414 diana,
316 1339 449 1398 imbutae
472 1337 577 1398 favore
598 1337 744 1416 Othonis,
767 1338 906 1417 qrramvis
927 1335 1043 1417 praelio
1056 1359 1116 1396 non
1130 1324 1227 1398 inter-

192 1447 326 1507 fuissent.
370 1443 538 1526 Aquileiam
558 1461 748 1524 progressae,
769 1442 958 1524 proturbatis
978 1443 1031 1522 qui
1053 1441 1091 1504 de
1104 1423 1227 1501 Otbdne
1241 1459 1275 1502 ro

194 1555 396 1628 nuntiabant,
418 1550 615 1634 laceratisque
640 1549 756 1612 vexillis
778 1571 889 1612 nomen
911 1546 1029 1612 Vitellii
1055 1551 1227 1631 praeferen-

193 1665 293 1739 tibus,
315 1671 404 1742 rapta
424 1670 576 1742 postremo
599 1659 730 1740 pecunia
752 1669 784 1720 et
809 1639 891 1722 inter
911 1681 943 1722 se
963 1659 1060 1720 divisa
1070 1685 1084 1737 ,·
1109 1657 1227 1718 bostili-

194 1779 241 1846 ter
267 1775 404 1851 egerant.
448 1765 540 1826 Unde
571 1777 666 1826 metus
693 1777 724 1828 et
752 1789 786 1827 ex
817 1778 897 1826 metu
928 1764 1111 1828 consilium:
1143 1785 1229 1847 posse

195 1871 340 1954 imputari
353 1871 536 1952 Vespasiano
557 1891 635 1950 quae
655 1871 737 1951 apud
759 1871 917 1930 Vitellium
937 1872 1106 1932 excusanda
1128 1882 1226 1933 erant.

190 1977 242 2044 'lta
260 1993 323 2062 tres
344 1982 495 2042 Moesicae
516 1979 648 2062 legiones
668 2001 724 2060 per
745 1979 885 2060 epistolas
908 1977 1091 2040 adliciebant
1109 1982 1229 2042 Panno·
1242 1981 1279 2044 15

194 2093 299 2152 uicum
313 2089 487 2166 exercitum,
512 2097 565 2148 ant
585 2087 732 2148 abnuenti
753 2087 996 2168 vim'parabant.
1039 2091 1073 2148 Iu
1096 2110 1132 2148 eo
1143 2054 1230 2150 mola

196 2200 329 2281 Aponius
343 2197 523 2259 Saturninus
536 2193 671 2258 Moesiae
692 2205 793 2258 rector
817 2198 975 2277 pessimum
989 2194 1107 2256 facinus
1127 2193 1229 2268 audet,

197 2308 286 2365 misso
307 2305 487 2365 centurione
508 2301 547 2360 ad
566 2300 811 2363 interficiendum
829 2303 966 2362 Tertium
988 2302 1138 2364 lulianum
1162 2325 1231 2384 sep·

198 2411 290 2470 timae
313 2408 437 2489 legionis
458 2405 608 2488 legatum,
629 2406 669 2466 ob
691 2407 855 2468 simultates
876 2408 987 2488 quibus
1017 2401 1230 2490 causam‘par·

200 2519 277 2580 tium
297 2514 527 2597 praetendebat.
570 2508 715 2587 lulianus,
739 2526 897 2595 comperto
918 2515 1093 2582 discrimine
1112 2531 1142 2578 et
1156 2538 1280 2599 gna-ao

200 2624 242 2684 ris
262 2623 401 2684 locorum
420 2619 539 2678 adscitis
558 2639 612 2698 per
631 2619 700 2679 avia
719 2623 851 2680 Moesiae
879 2620 959 2682 ultra
992 2635 1128 2686 montem
1152 2625 1233 2688 Hae-

202 2751 288 2791 mum
309 2725 454 2808 profugit.
494 2722 559 2782 Nec
570 2723 679 2784 deiude
696 2721 780 2808 civili
799 2726 880 2786 bello
895 2727 1043 2810 interluit,
1063 2753 1116 2812 per
1130 2733 1233 2805 yarias

204 2857 306 2900 moras
326 2841 496 2913 susceptum
517 2829 557 2891 ad
575 2831 792 2914 Vespasianum
811 2835 869 2894 iter
892 2836 1012 2900 trahens
1044 2850 1129 2900 etex
1151 2861 1232 2900 nun.

205 2947 257 3006 tiis
278 2938 507 3003 cunctabundus
527 2949 581 2999 aut
597 2918 781 3022 properans*
818 2941 860 3002 At
885 2944 920 3016 ‚in
939 2945 1112 3010 Pannonia
1141 2947 1299 3028 tertinssss

207 3051 335 3112 decuma
356 3045 435 3130 legio
454 3069 490 3110 ac
510 3049 637 3130 septima
657 3047 826 3127 Galbiana,
860 3051 999 3116 dolorem
1014 3053 1159 3137 'iramque
1177 3057 1233 3118 Be·
1245 3054 1283 3114 as

210 3157 374 3222 driareusis
392 3177 513 3238 pugnae
533 3157 714 3235 retinentes,
739 3157 820 3220 haud
845 3172 1025 3224 cunctanter
1051 3161 1235 3241 Vespasiano
1431 3145 1432 3200 l

210 3284 383 3346 accessere,
406 3266 438 3328 vi
459 3269 621 3350 praecipua
642 3267 738 3328 Primi
756 3272 894 3333 Antonii.
936 3273 963 3331 is
983 3272 1098 3352 legibus
1124 3291 1236 3332 nocens

196 3387 243 3438 'ct
268 3385 404 3457 tempore
434 3375 562 3436 Neronis
584 3375 649 3437 falsi
680 3377 837 3444 damnatus
859 3383 939 3442 iuter
968 3377 1026 3440 alia
1055 3377 1125 3438 belli
1155 3375 1236 3438 mala

218 3539 503 3555 *ιιι-ῃ*

285 3625 326 3678 15.
343 3623 506 3678 allictebont
521 3623 574 3679 Ma.

285 3721 326 3774 at.
345 3717 443 3771 bellum
463 3719 521 3785 Ma,
541 3729 569 3774 et
585 3740 614 3791 p.
627 3738 669 3777 iar
683 3763 690 3788 ,
704 3706 750 3776 ro.
770 3723 849 3778 Titus
864 3723 979 3793 amplius
999 3719 1129 3785 sabianus
1148 3719 1238 3782 idem:

217 3813 366 3868 Flavianus
386 3825 533 3872 correctum
550 3835 566 3871 a
586 3820 675 3888 Lipsio
696 3836 729 3871 ex
755 3817 853 3870 codF
880 3824 907 3867 et
926 3791 978 3876 Ill,
998 3817 1021 3882 4.
1045 3831 1096 3879 ro.;
1122 3815 1235 3886 Asopius

109 3921 113 3926 ·
219 3910 285 3960 ‹luce
305 3906 390 3975 wer
407 3912 459 3976 111,
479 3913 503 3981 4.
522 3915 642 3969 additum
660 3931 675 3964 a
695 3911 816 3967 pichena.
