2886 4726
209 395 270 462 182
583 387 875 454 HISTORlARUlt

47 580 74 647 (a
93 577 123 630 c.
138 571 291 649 69.)cliei‚
309 569 434 632 dextrae
453 567 672 646 snbenntibns3
693 571 724 628 in
751 589 881 652 qrrarrnn
902 578 1016 630 tectum
1040 523 1152 648 egressi
1168 570 1271 650 saxis·

20 651 35 698 's

20 737 21 744 ι
84 719 92 758 Ι

207 676 380 758 tegulisque
400 675 582 736 Vitellianos
606 677 787 738 obruebant.
829 679 935 760 Neque
963 675 1023 735 illis
1051 696 1159 734 manus
1190 678 1248 736 uisi

206 784 316 868 gladiis
353 792 509 856 armatae;
537 792 569 842 et
591 802 743 845 arcessere
769 792 925 844 tormenta
953 793 1007 842 aut
1033 782 1159 842 missilia
1186 783 1248 844 tela

206 892 332 972 longum
353 891 526 952 videbator.
568 891 663 952 Faces
684 895 715 950 in
726 892 948 972 prominentem
960 891 1116 971 porticum
1137 891 1243 950 iecere.

204 999 247 1060 Et
267 1001 476 1080 sequebantur
499 1000 618 1082 ignem,
638 1000 854 1080 ambustasque
876 996 1018 1078 Capitolii
1045 996 1126 1056 sores
1154 1004 1297 1078 pene-5'

139 1101 143 1108 ’
203 1117 345 1185 trassent,
366 1108 399 1166 ni
419 1105 548 1167 Sabinus
568 1105 702 1166 revolsas
722 1104 860 1186 undique
879 1115 1005 1181 statuas,
1028 1101 1248 1163 decoramaio·

204 1233 299 1286 rum,
327 1213 359 1272 in
387 1212 453 1294 ipso
489 1211 574 1272 aditu
596 1213 662 1270 vice
677 1212 764 1270 muri
791 1211 958 1270 obiecisset.
998 1209 1083 1268 ΙΤιιιιι
1113 1209 1248 1272 diversos

206 1316 348 1399 Capitolii
369 1319 468 1378 aditus
488 1316 659 1387 invadunt,
682 1318 765 1393 iuxta
786 1317 889 1374 lucum
911 1316 988 1398 asyli
1024 1327 1055 1375 et
1087 1339 1148 1398 qua
1168 1320 1248 1378 Tar·

204 1425 274 1508 peia
303 1445 394 1508 rupes
422 1433 544 1483 centum
576 1422 722 1501 gradibus
750 1421 864 1486 aditor.
917 1423 1088 1502 improvisa
1119 1437 1248 1507 atraque

205 1534 271 1613 vis;
292 1534 419 1615 propior
438 1540 533 1612 atque
549 1530 650 1590 acrior
670 1551 725 1610 per
746 1530 864 1612 asylum
887 1531 1062 1610 ingruebat.
1104 1537 1169 1594 Nec
1185 1535 1245 1594 sisti
1260 1537 1296 1576 ¹⁰

205 1651 348 1723 poterant
367 1625 546 1702 scandentes
566 1662 625 1722 per
644 1640 810 1700 coniuncta
832 1639 992 1717 aedilicia,
1022 1663 1119 1722 quae,
1148 1654 1184 1704 nt
1216 1645 1246 1702 in

205 1749 305 1811 mislta
334 1771 428 1832 pace,
459 1751 492 1810 in
522 1749 619 1810 altum
641 1749 723 1810 edita
754 1747 852 1808 solum
887 1749 1033 1832 Capitolii
1063 1749 1245 1832 aequabant.

206 1856 267 1916 Hic
287 1857 471 1940 ambigitur,
503 1859 606 1940 ignem
632 1856 723 1919 tectis
753 1867 984 1938 oppugnatores
1017 1857 1177 1917 iniecerint
1207 1879 1247 1916 an

206 1947 340 2042 obsessi,
375 1985 454 2046 quae
481 1963 619 2024 crebrior
644 1963 745 2042 fama,
775 1985 837 2044 quo
861 1967 992 2024 nitentes
1011 1983 1046 2022 ac
1076 1983 1246 2043 progressos

207 2069 403 2152 depellerent.
447 2068 523 2130 Inde
545 2067 647 2152 lapsus
668 2069 748 2150 ignis
770 2070 801 2128 in
823 2069 954 2150 porticus
986 2067 1137 2150 appositas
1163 2067 1243 2126 aedi·
1260 2060 1296 2122 15

119 2243 123 2252 ,
206 2179 280 2252 bns3
304 2201 372 2240 mox
391 2179 571 2238 sustinentes
592 2175 743 2256 fastigium
765 2173 886 2256 aquilae
908 2184 1013 2236 vetere
1046 2172 1129 2256 ligno
1149 2184 1248 2234 traxe·
1286 2167 1289 2176 ¹

208 2295 284 2347 runt
305 2283 455 2344 flammam
470 2279 682 2362 alueruntque.
723 2279 773 2340 Sic
795 2280 984 2362 Capitolium
997 2279 1106 2340 clausis
1128 2280 1245 2340 foribus

209 2390 397 2450 indefensum
432 2397 464 2448 et
491 2387 677 2467 indireptum
705 2367 932 2468 conflagravit.⁹
963 2385 1150 2464 Idsncinns
1180 2365 1312 2468 possib

210 2496 364 2558 conditam
386 2495 493 2554 urbem
516 2485 775 2552 luctuosissimum
798 2491 1063 2576 foedissimumque
1084 2495 1129 2552 rei
1145 2493 1245 2574 publi·
1320 2520 1325 2534 ε

210 2623 263 2664 cae
283 2600 390 2683 populi
411 2598 541 2658 Romani
563 2598 690 2672 accidit,
717 2597 803 2656 nullo
827 2608 951 2658 externo
974 2597 1073 2679 bostc,
1095 2601 1244 2682 propitiis,
1255 2623 1294 2662 ao

210 2709 237 2768 si
266 2729 322 2788 per
352 2727 452 2767 mores
481 2715 599 2766 nostros
627 2705 750 2780 liceret,
783 2704 864 2778 deis,
891 2705 992 2766 sedem
1020 2711 1099 2768 lovis
1130 2709 1246 2790 Optimi

210 2816 334 2878 Maximi
343 2817 499 2896 auspicato
511 2837 530 2874 a
542 2815 708 2876 maioribus
723 2815 829 2896 pignus
845 2813 964 2896 imperii
975 2818 1137 2892 conditam,
1156 2839 1246 2900 quam

213 2942 274 2982 non
284 2921 440 2982 Porsenna
451 2917 552 2979 dedita
563 2919 638 2980 urbe
653 2941 751 3000 neque
764 2919 843 2979 Galli
859 2932 946 3002 capta
966 2931 1115 2984 temerare
1128 2925 1246 3006 potuis.

212 3040 292 3106 sent,
306 3029 410 3089 lurore
427 3026 600 3108 principum
613 3026 753 3087 exscindi.
795 3027 921 3090 Arserat
938 3039 969 3090 et
982 3042 1052 3089 ante
1063 3032 1246 3112 Capitolium

212 3137 295 3198 cirili
318 3134 398 3196 bello
419 3133 473 3195 sed
495 3134 603 3196 fraude
623 3135 760 3215 privata:
784 3156 866 3197 nune
886 3137 983 3218 palam
1004 3137 1169 3208 obsessum,
1193 3159 1244 3217 pa.
1255 3131 1297 3194 αὔ

210 3241 303 3303 lam'
294 3261 449 3302 incensum
471 3242 597 3324 [quibus
618 3263 772 3302 armorum
792 3245 915 3306 causis?
945 3264 1006 3329 quo
1027 3252 1128 3300 tantae
1150 3243 1246 3313 cladis

215 3361 492 3377 m...-

286 3443 547 3508 12.sonumll1³‚et
558 3442 605 3512 ι4.
623 3448 725 3512 fismam
743 3448 859 3499 nitentes
868 3461 901 3496 oc
910 3461 1069 3513 progressos
1082 3443 1246 3515 depulerint

284 3539 325 3590 23.
346 3537 442 3592 dedita
459 3541 537 3606 urbe]
560 3539 659 3592 Urbem
676 3542 784 3594 Romam
805 3558 833 3590 re
852 3555 913 3590 vera
932 3537 1028 3590 Tuscis
1048 3539 1167 3590 deditam
1185 3557 1246 3593 esse

216 3647 250 3683 cx
269 3630 431 3682 testimoniis
448 3638 570 3680 veterum
589 3634 748 3702 scriptorum
768 3641 846 3684 acute
875 3631 1017 3700 explicatis
1036 3630 1157 3680 ostendit
1174 3631 1246 3683 Nie

216 3722 356 3774 bubrius'
349 3740 378 3774 ru
397 3723 467 3778 Hist.
486 3727 562 3776 Rom.
581 3726 601 3774 1
621 3745 678 3796 pag
693 3730 842 3794 doti-609.
861 3725 903 3777 ed
921 3731 983 3777 tert.
1019 3725 1090 3776 Male
1116 3725 1245 3778 nonnulli

217 3818 334 3870 editores
354 3817 476 3869 Tacitum
492 3823 619 3884 oratorie,
638 3839 692 3874 non
710 3822 848 3885 historice,
865 3822 985 3873 loentum
1007 3835 1065 3872 esse
1090 3823 1244 3890 opinantur.

288 3913 328 3964 26
348 3911 447 3982 quibus
474 3932 630 3972 armorum
642 3917 695 3966 bel
696 3914 815 3987 evimus]
843 3917 1009 3970 Gravitatem
1036 3914 1187 3968 Tacitioarn
1217 3925 1244 3965 et

219 4007 433 4074 indignationem
453 4007 532 4062 buius
552 4011 689 4076 scriptoris
711 4011 846 4063 interdum
865 4012 976 4107 quidem
1002 4013 1090 4066 valide
1118 4026 1245 4080 prorum-
