2912 4730
218 430 260 496 82
423 487 424 492 ,
591 411 878 478 HISTOthlltUM

57 623 85 686 (ι
99 619 127 673 C.
147 619 202 694 69.)
215 606 367 668 ronanam
388 598 496 683 praelii
520 607 681 658 mutarent.
722 597 900 671 Suspectum
922 587 952 650 id
971 583 1155 646 Othonianis
1180 583 1247 660 suit,

214 708 317 772 omnia
351 709 465 770 dueum
496 705 574 768 iacta
610 726 701 787 prave
734 701 969 762 aestimantibus.
1016 698 1182 772 Certatim,
1217 711 1250 758 ut

212 818 339 901 quisque
360 817 466 880 animo
486 817 633 896 ignavus,
661 832 776 892 procax
800 829 870 884 ore,
911 805 1042 867 Aonium
1068 805 1189 866 Gallum
1220 816 1250 866 et

213 926 390 988 Suetonium
411 921 572 986 Paulinum
596 932 626 980 et
647 923 783 982 lilerium
804 915 925 978 Celsum
949 923 1031 990 [sem
1056 936 1105 976 eos
1127 933 1248 994 quoque

199 1035 301 1107 χΟιιιο
323 1031 526 1112 praefecerat]
550 1028 641 1088 variis
661 1024 835 1084 criminibus
847 1023 1042 1086 incessebant
1086 1013 1280 1080 Acerrimas

215 1139 395 1200 seditionum
416 1157 452 1196 ac
471 1133 638 1196 discordiae
658 1131 853 1190 incitamenta
890 1127 1100 1188 interfectores
1123 1125 1249 1188 Galbae.

214 1246 333 1308 Scelere
349 1255 379 1306 et
400 1254 482 1304 metu
501 1239 644 1302 vecordes
666 1239 793 1296 miseere
810 1243 933 1310 cuncta,
959 1235 1054 1294 modo
1071 1232 1171 1315 palam
1182 1243 1249 1292 tur·

216 1354 293 1415 bidis
317 1353 461 1424 vocibus,
496 1348 587 1408 niodo
616 1344 741 1407 occultis
771 1343 808 1402 nd
842 1342 998 1402 Othonem
1030 1337 1161 1417 litteris3
1197 1341 1251 1422 qui

216 1435 387 1524 humillimo
420 1456 531 1538 cuique
560 1452 721 1525 credulus,
769 1451 865 1512 boum
896 1459 1034 1512 metuens
1064 1449 1249 1530 trepidabat,

206 1613 498 1657 Χ--φμῄ

306 1775 406 1840 poem
429 1783 473 1820 eos
488 1781 594 1838 quoque
608 1763 676 1818 otto
687 1761 869 1836 praeficeret]
890 1759 965 1828 Quid
977 1759 1049 1814 hoc?
1067 1757 1137 1810 Num
1148 1759 1251 1812 Annius

219 1866 313 1916 Gallus
330 1871 361 1916 et
379 1863 526 1916 Suetonius
548 1861 672 1910 Paulinus
691 1867 719 1910 et
737 1859 838 1910 Marius
857 1856 953 1908 Celsus
971 1871 1030 1903 curn
1042 1852 1144 1905 liureio
1161 1855 1251 1908 Macro

219 1961 301 2012 duces
323 1960 440 2010 miiitum
458 1959 537 2010 electi
557 1956 634 2018 suut,
665 1965 695 2006 ut
726 1957 777 2006 hoc
807 1957 865 2003 loco
885 1950 967 2000 scribi
994 1967 1009 1998 a
1037 1952 1132 2003 Tacito
1159 1957 1252 2021 posset

223 2070 286 2104 nom
306 2069 352 2104 eos
369 2067 475 2125 quoque
490 2051 557 2103 osto
576 2045 769 2121 praefecerat?
788 2045 873 2094 immo
895 2043 936 2093 illi
958 2051 1012 2095 tres
1032 2045 1154 2113 peditum
1173 2047 1252 2114 equi-

220 2157 333 2216 tumque
353 2148 437 2215 copiis
455 2153 571 2198 rectores
589 2141 719 2194 destinati
737 2146 819 2201 erint,
852 2137 889 2187 ita
914 2145 945 2188 ιιι
974 2143 1082 2206 praeter
1109 2155 1154 2190 eos
1181 2155 1252 2189 unus

220 2241 341 2293 Licinius
361 2243 488 2294 Proculus
505 2239 643 2308 praetorio
661 2234 812 2304 praelectus
832 2233 908 2284 malis
920 2231 1025 2285 artibus
1039 2241 1066 2283 et
1083 2235 1168 2300 gretia
1181 2231 1254 2301 apud

222 2333 357 2388 Othonem
377 2335 551 2403 praevaleret.
589 2333 659 2400 Lege
680 2331 711 2394 1,
729 2331 761 2398 87
799 2327 854 2378 lam
873 2329 895 2380 si
915 2327 951 2388 ab
969 2327 1020 2379 hoe
1045 2327 1156 2378 Proculo
1183 2325 1255 2380 baad

150 2475 152 2480 ,
221 2429 316 2499 procel
342 2426 473 2480 Cremona
499 2442 627 2495 prospere
656 2430 805 2492 pugnaturn
831 2427 915 2483 esset,
948 2421 1032 2473 scribi
1059 2430 1165 2490 poterat
1190 2442 1254 2476 nom
1301 2491 1303 2498 y

222 2539 268 2576 sos
297 2537 405 2592 qunque
430 2517 497 2572 osto
522 2517 712 2587 praeficeret:
742 2523 772 2566 ιιι
798 2531 871 2568 nune
891 2521 950 2575 cst,
979 2513 1061 2566 verba
1079 2515 1127 2568 illa
1144 2534 1253 2586 prorsus

222 2619 310 2670 otiosa
331 2623 393 2668 suut
411 2623 439 2666 ct
457 2630 537 2664 sensu
555 2620 655 2668 eareat.
692 2611 759 2661 Nam
781 2612 897 2662 Marcius
918 2610 1010 2664 Macer
1029 2613 1063 2683 (is
1083 2627 1179 2664 manns
1198 2615 1254 2682 gla-

223 2713 357 2764 diatoriae
390 2709 542 2776 praefectus
587 2709 658 2758 iussa
697 2705 795 2758 ducum
832 2705 1042 2779 exsequebatur)
1074 2725 1134 2760 oum
1168 2713 1253 2780 parti-

225 2807 313 2856 culam
342 2805 475 2857 exercitus
505 2799 619 2855 navibus
644 2809 821 2853 transvectam
850 2802 880 2852 in
905 2799 1042 2855 adversam
1069 2805 1135 2857 Padi
1169 2808 1254 2876 ripam

228 2898 383 2960 effudisset,
418 2915 448 2950 ae
479 2907 556 2970 parta
585 2897 699 2950 victoria
728 2897 762 2948 ab
787 2897 900 2949 ducibus
926 2900 1010 2952 totius
1049 2904 1182 2956 exereitus
1211 2919 1255 2953 re-

227 2999 338 3045 vocatus
374 3001 466 3057 esset,
500 2995 617 3046 victores
653 2994 791 3062 ceterique
820 2991 984 3048 Othoniani·
1003 2999 1160 3066 suspieione
1190 3001 1255 3051 tacti

228 3105 285 3141 noa
302 3087 431 3140 Marcium
448 3089 567 3142 Macrum
585 3089 701 3141 aliorum
718 3087 805 3142 iussis
829 3081 992 3155 obnoxium,
1023 3093 1072 3145 sed
1099 3093 1180 3144 duces
1207 3095 1257 3163 qui

229 3186 364 3236 iusserant
381 3184 540 3236 criminibus
558 3185 735 3236 incesserunt.
770 3181 864 3254 Itaque
886 3185 933 3256 qui
951 3183 1018 3238 haee
1038 3185 1182 3255 adscripsit
1210 3197 1255 3240 ea·

231 3277 292 3330 dem
312 3274 444 3344 dignitate
462 3293 516 3342 qua
534 3277 644 3332 Gsltum
663 3283 692 3330 et
709 3275 847 3328 Paulinum
866 3283 893 3328 et
903 3277 1010 3331 Celsum
1028 3280 1111 3332 etiam
1124 3281 1257 3342 Marcium

230 3371 349 3448 Macrpm
368 3370 521 3442 praeditum
540 3371 622 3422 luisse
637 3367 706 3422 falso
725 3368 847 3432 credidit,
861 3370 895 3422 de
913 3385 945 3420 eo
955 3385 1073 3434 securus,
1093 3386 1140 3423 cur
1152 3375 1181 3424 in
1194 3371 1256 3424 illas

231 3468 344 3518 crimina
363 3468 479 3520 iecerint
496 3465 596 3520 milites
603 3503 611 3530 ,
629 3467 662 3518 ab
681 3464 732 3518 hoc
750 3465 938 3518 abstinuerint.
955 3494 987 3504 -
1007 3465 1087 3516 Porro
1107 3467 1130 3518 si
1146 3466 1257 3538 praese·

234 3574 311 3616 cerat
329 3578 383 3612 nou
402 3559 436 3612 de
453 3566 512 3610 toto
531 3559 652 3608 exercitu
673 3559 867 3628 intelligimus,
884 3559 931 3610 sed
949 3560 988 3608 ita
1007 3551 1037 3608 ιιι
1057 3557 1129 3612 Otho
1150 3557 1254 3628 gladia-

233 3655 338 3706 toribus
357 3656 387 3704 in
403 3654 541 3706 adversam
563 3650 625 3704 Padi
644 3655 727 3722 ripam
749 3655 878 3706 tramissis
896 3659 1003 3722 praeter
1027 3654 1155 3706 Marcium
1174 3656 1257 3706 atiani
1343 3673 1348 3684 ⁸

234 3749 297 3800 ilios
315 3754 369 3798 tres
387 3749 592 3817 praeposuerit,
619 3747 785 3818 reprimam
811 3765 871 3800 curn
897 3748 1052 3802 narratione
1076 3747 1188 3816 reatu.
1207 3753 1257 3821 qui

232 3843 362 3896 Marcium
382 3839 468 3892 totius
489 3842 591 3913 incepti
609 3853 746 3896 auctorem
765 3841 904 3911 producit,
933 3851 1051 3914 pugnat,
1077 3849 1134 3896 tum
1155 3861 1205 3914 per
1227 3861 1256 3897 se

233 3952 289 3990 non
314 3941 354 3990 est
383 3935 546 4002 verisimile,
575 3936 693 4010 denique
723 3937 761 3986 ita
779 3952 835 3986 noo
851 3935 956 4006 liquet,
987 3951 1033 3990 cur
1051 3939 1256 3993 criminantesa

235 4029 325 4084 Macro
335 4027 524 4096 abstinuerint.
537 4061 567 4078 ι-
586 4034 668 4088 Paulo
682 4030 965 4103 persecutussed:
975 4035 1254 4094 ‚eeterttncseerare
