2866 4720
1098 405 1101 416 ·
1154 376 1169 457 i

233 430 290 493 162
586 430 877 493 HISTORIARUM

61 608 91 676 (a
110 606 139 660 C.
159 609 213 680 69.)
227 610 360 670 Danubii
381 583 446 692 ripa
469 610 669 692 potiebantur.
711 612 835 693 lamque
851 620 952 670 castra
963 607 1120 690 legionum
1140 609 1254 672 exscin-

226 715 300 777 dere
320 717 486 798 parabant,
508 719 540 776 ni
561 716 722 777 Mucianus
743 726 858 777 sextam
885 716 1034 798 legionem
1054 715 1255 796 opposuisset,
1309 699 1311 707 ,

224 822 433 884 Cremonensis
455 821 597 882 victoriae
617 840 748 904 gnarus,
772 842 867 884 aene
890 831 1012 884 externa
1033 820 1129 881 moles
1156 822 1256 882 utriu-

224 953 283 1011 que
308 933 483 1013 ingrueret,
502 931 527 992 si
550 933 651 990 Dacus
673 931 903 1010 Germanusque
926 929 1039 990 diversi
1066 931 1253 1014 irrupissent.

223 1037 339 1116 Aliuit,
361 1048 395 1098 ut
417 1057 505 1119 saepe
524 1035 620 1116 alias,
642 1035 764 1096 fortuna
787 1032 891 1116 populi
912 1033 1061 1109 Romani,
1086 1056 1164 1118 quae
1185 1035 1282 1102 liu-5

224 1146 345 1206 cianum
379 1145 520 1228 viresque
543 1143 680 1204 Orientis
701 1141 771 1204 illuc
800 1142 890 1224 tulit,
919 1154 949 1204 et
982 1142 1067 1226 quod
1085 1145 1255 1207 Cremonae

224 1255 346 1314 interim
365 1253 575 1336 transegimus.
616 1251 764 1314 Fonteius
786 1254 918 1335 Agrippa
937 1274 973 1314 ex
995 1255 1064 1314 Asia
1090 1259 1155 1334 (pro
1182 1271 1256 1312 con·

223 1359 287 1419 sule
303 1381 368 1419 eam
390 1361 580 1444 provinciam
593 1381 692 1420 annuo
715 1361 841 1440 imperio
854 1363 1005 1439 tenuerat)
1019 1361 1149 1422 Moesiae
1164 1381 1255 1442 prae.

220 1465 340 1547 positus
359 1477 413 1544 est,
436 1467 545 1528 additis
567 1467 664 1550 copiis
679 1445 870 1528 eVitelliann
884 1469 1029 1544 exercitu,
1051 1489 1140 1548 quem
1153 1468 1256 1549 spargi

218 1592 277 1653 per
297 1571 466 1653 provincias
486 1583 515 1633 ct
536 1584 658 1633 externo
678 1571 757 1632 bello
780 1571 890 1653 illigari
911 1595 982 1654 pars
1012 1571 1128 1634 consilii
1157 1573 1302 1654 pacis-10

223 1699 283 1759 que
305 1687 379 1736 erat.
425 1677 490 1738 Nec
509 1688 624 1738 ceterae
645 1682 786 1742 nationes
803 1677 944 1738 silebant.
986 1677 1091 1738 Subita
1103 1701 1159 1763 per
1169 1682 1251 1744 Pon.
1264 1684 1316 1768 47

222 1797 289 1847 tum
310 1805 396 1848 arma
419 1786 582 1848 barbarum
603 1789 811 1870 mancipium,
846 1789 946 1870 regiae
969 1785 1132 1870 quondam
1155 1789 1255 1852 classis

222 1895 412 1976 praelectus,
433 1903 582 1956 moveret.
624 1895 652 1955 ls
673 1894 731 1956 tuit
750 1893 897 1954 Anicetus
921 1891 1095 1952 Polemonis
1116 1891 1254 1972 libertus,

221 2011 405 2082 praepotens
426 2003 510 2082 olim,
532 2010 563 2062 et
586 2013 743 2084 postquam
766 2017 896 2079 regnum
914 1997 949 2056 iu
973 1998 1102 2063 sormam
1123 2002 1254 2084 provin.

222 2109 287 2167 eiae
309 2118 450 2181 verterat,
474 2107 648 2170 mutationis
670 2107 839 2186 impatiens.
881 2103 977 2186 igitur
995 2106 1111 2168 Vitellii
1131 2105 1301 2170 nomine15

223 2214 346 2276 adscitis
368 2216 506 2298 gentibus
528 2234 605 2298 quac
625 2214 758 2277 Pontum
781 2212 935 2294 accolunt,
959 2225 1107 2298 corrupto
1129 2215 1159 2274 in
1171 2235 1255 2296 spem

224 2325 400 2404 rapinarum
427 2327 615 2407 egentissimo
644 2343 789 2408 quoque,
823 2321 907 2386 haud
938 2324 1119 2386 temnendae
1150 2340 1256 2382 manns

225 2429 351 2506 ductor,
381 2432 605 2513 Trapezuntem
629 2441 750 2494 vetusta
780 2431 860 2492 furna
890 2432 1061 2504 civitatem,
1090 2429 1255 2492 aGrueeis

223 2541 254 2598 in
276 2549 407 2599 extremo
421 2540 565 2603 Ponticae
587 2561 663 2602 orae
681 2539 850 2615 conditam,
871 2536 989 2596 subitus
1007 2535 1127 2615 irrupit.
1166 2537 1257 2600 Caesa

223 2647 267 2706 ibi
288 2646 406 2719 cohors,
429 2643 546 2724 regium
559 2645 702 2708 auxilium
722 2643 815 2721 olim3
839 2663 907 2702 mox
929 2641 1034 2702 donati
1057 2644 1179 2730 civitate
1192 2646 1303 2707 Ro-ao

225 2771 313 2810 mana
335 2752 419 2831 signa
441 2769 585 2830 armaque
604 2752 635 2810 in
660 2758 801 2808 nostrum
822 2743 965 2822 modum,
999 2745 1143 2812 desidiam
1165 2753 1257 2816 lieen-

225 2859 357 2938 tiamque
379 2842 569 2918 Graecorum
591 2854 775 2950 retiuelgant.
818 2850 914 2920 Classi
934 2875 1055 2938 quoque
1074 2857 1152 2924 laces
1172 2863 1256 2948 lutu-

299 3087 337 3138 13.
358 3084 470 3138 libertus
488 3092 654 3152 praepetens
673 3076 790 3130 libertus
808 3075 860 3132 Mi.

299 3184 336 3236 18.
346 3181 428 3249 frema
447 3174 570 3242 Lipsius:
599 3169 642 3224 llia
659 3187 758 3225 mama·
783 3173 848 3226 Mox
865 3189 893 3244 p-
911 3175 976 3242 sot,
996 3179 1020 3232 3·
1038 3181 1197 3252 contempti,
1228 3188 1257 3234 et

227 3291 253 3344 p.
277 3275 343 3334 163,
363 3275 387 3328 5.
414 3285 554 3321 concrum,

297 3379 336 3414 aa.
357 3361 441 3412 classi
453 3358 614 3409 Rhenanus:
634 3358 740 3414 codices
753 3360 858 3414 classis.
872 3365 1029 3418 -Classem
1042 3372 1114 3418 recte
1124 3367 1255 3436 intelligit

228 3457 366 3508 Ernestius
377 3469 457 3508 naves
474 3452 502 3500 iu
515 3459 594 3521 portu
606 3453 788 3523 Trapezuntio
798 3458 857 3508 sine
870 3457 957 3510 milite
969 3460 1091 3511 relictas:
1110 3477 1171 3512 nam
1185 3478 1254 3516 uon.

228 3551 282 3600 uisi
302 3547 461 3600 lectissimas
480 3545 684 3600 Liburnicarum
702 3565 863 3620 omnemque
874 3553 988 3602 militem
997 3553 1137 3606 Mucianus
1156 3557 1256 3623 Byzan-

229 3645 298 3696 tium
317 3642 451 3710 adegerat
469 3637 545 3692 Couf.
567 3639 608 3703 Il,
630 3645 671 3698 83.
708 3641 862 3694 waltherus
883 3644 980 3695 cums,
1003 3645 1081 3712 sm,
1098 3651 1182 3709 (hae,
1207 3651 1256 3706 me

230 3733 338 3804 probat)
356 3747 405 3803 per
415 3731 606 3800 *metaphoram
625 3735 711 3785 dictas
732 3733 884 3795 existimat,
905 3741 934 3784 ut
950 3736 1047 3790 classis
1056 3742 1139 3810 serres
1151 3745 1256 3814 insen-c
1339 3725 1341 3730 ¹
1375 3799 1378 3806 ¹

210 3835 211 3840 ’
230 3829 301 3881 idem
321 3828 358 3880 sit
375 3824 447 3896 quod
466 3826 551 3878 classe
573 3829 714 3897 inflectere.
751 3826 804 3878 Sed
823 3841 907 3894 pauca
924 3828 972 3880 illa
990 3847 1022 3882 ae
1047 3835 1125 3888 rudia
1154 3838 1255 3890 barba.

231 3938 320 3975 rorum
338 3921 444 3988 navigia
468 3921 563 3973 classis
581 3924 691 3974 nomine
711 3920 847 3985 designari
866 3935 921 3970 uon
948 3903 1090 3993 poterim
1114 3941 1254 4002 mamm

196 4026 200 4035 ·
230 4014 264 4066 de
286 4015 398 4070 nasibus
418 4031 432 4065 a
451 4016 573 4068 barbaris
592 4018 690 4086 raptim
710 4013 856 4066 aedificatis
873 4015 959 4088 ,paulo
979 4022 1156 4090 postdemum
1169 4029 1253 4085 reler-
