2914 4724
127 454 137 490 ι
215 425 255 488 aa
518 407 523 414 ’
582 427 868 488 nrs‘ronnnuu

52 607 117 679 (ac
144 604 328 682 fiolslanus,
353 607 394 665 ita
415 605 529 666 bellum
549 604 634 667 aliud
657 617 746 688 atque
768 607 842 668 alias
863 607 961 668 clades
980 607 1159 670 horrebant.
1193 609 1234 668 Et

208 714 350 794 ambigua
371 713 410 774 de
428 713 611 794 Vespasiano
637 715 736 792 fama3
767 716 907 798 solusque
937 713 1075 776 omnium
1102 726 1173 775 ante
1202 739 1234 776 se

206 823 382 904 principum
403 823 434 880 in
459 823 565 882 melius
587 833 721 883 mutatus
742 835 795 885 est.
830 868 835 872 -

287 930 379 988 Nunc
398 926 483 988 initia
493 949 656 1012 causasque
669 941 772 989 motus
783 928 937 991 Vitelliani
949 913 1116 1011 expediam.
1139 931 1231 990 Caeso
1244 947 1291 1028 51

206 1055 275 1094 curn
297 1035 439 1094 omnibus
460 1036 552 1116 copiis
574 1033 650 1094 lulio
671 1035 812 1109 Vindice,
835 1035 920 1097 ferox
942 1035 1054 1117 praeda
1077 1035 1262 1116 gloriaque5

204 1143 365 1217 exercitus,
387 1151 421 1198 ut
441 1141 489 1200 cui
506 1144 570 1202 sine
591 1141 698 1200 labore
719 1162 753 1200 ac
771 1141 906 1221 periculo
927 1142 1067 1202 ditissimi
1081 1140 1152 1201 belli
1167 1141 1233 1202 vic-

161 1328 166 1334 ἢ
203 1250 282 1310 toria
301 1248 463 1324 evenisset,
484 1221 704 1327 expeditionem
726 1258 755 1306 et
775 1249 888 1324 aciem,
909 1251 1042 1328 praemia
1063 1269 1154 1330 quam
1178 1251 1233 1306 sti.

202 1357 312 1440 pendia
332 1356 472 1416 malebat.
517 1355 578 1414 Diu
595 1355 812 1414 infructuosam
833 1368 861 1414 et
881 1378 1016 1435 asperam
1037 1357 1234 1416 militiamto-

202 1463 376 1524 leraverant
396 1463 516 1544 ingenio
544 1463 601 1520 loci
622 1461 759 1542 caelique
792 1471 821 1520 et
846 1462 1005 1521 severitate
1035 1463 1231 1543 discipliuae,

202 1589 296 1652 quam
316 1569 348 1628 in
371 1590 445 1650 paee
465 1566 680 1628 inexorabilem
710 1567 881 1628 discordiae
913 1570 1024 1630 civium
1055 1569 1230 1644 resolvunt,
1248 1603 1284 1644 10

202 1679 313 1760 paratis
334 1677 477 1758 utrinque
497 1673 731 1754 corruptoribus
753 1686 782 1734 et
808 1674 952 1760 perfidia,
967 1675 1125 1756 impunita.
1167 1677 1233 1736 Viri

202 1807 289 1846 arma
310 1785 379 1865 equi
408 1783 448 1843 ad
473 1803 561 1842 usum
584 1791 615 1840 et
633 1781 672 1840 ad
698 1781 829 1842 dedecus
850 1791 1035 1859 supererant.
1077 1783 1135 1842 Sed
1163 1794 1233 1844 ante

200 1893 318 1952 bellum
343 1894 491 1952 centurias
510 1902 628 1951 tantum
648 1913 716 1950 suas
736 1901 914 1969 turmasque
932 1902 1099 1968 noverant3
1121 1893 1234 1950 exerci-

200 2003 260 2064 ars·
276 2001 388 2061 linibus
419 2001 644 2081 provinciarum
678 1999 934 2060 discernebantur.
975 1999 1057 2059 Tum
1091 1999 1234 2059 adversus

199 2105 360 2166 Vindicem
382 2114 558 2166 contractae
571 2103 703 2185 legiones
713 2125 802 2184 seque
823 2113 853 2162 et
864 2102 977 2164 Gallias
993 2117 1233 2187 expertaeqnae·
1248 2112 1283 2174 15

201 2235 273 2274 rere
294 2233 396 2273 rursus
417 2233 500 2272 arma
520 2231 674 2292 novasque
696 2209 872 2298 discordias,
894 2231 950 2270 nec
971 2213 1079 2288 socios,
1100 2223 1134 2272 ut
1149 2211 1233 2291 olim,

202 2322 255 2381 sed
273 2321 373 2382 hostes
393 2331 424 2382 et
442 2322 537 2382 victos
555 2319 714 2379 vocabant.
757 2317 784 2376 N
788 2337 821 2377 ee
843 2316 946 2380 deerat
966 2339 1035 2397 pars
1050 2317 1230 2394 Galliarum,

203 2449 282 2507 quae
302 2427 442 2488 Rhenum
462 2423 581 2493 accolit,
603 2421 734 2482 *easdem
754 2433 856 2502 partes
876 2433 987 2495 secuta,
1011 2442 1046 2480 ac
1067 2433 1132 2480 tum
1154 2445 1234 2484 acer·

204 2535 282 2592 rima
301 2532 469 2610 instigatrix
491 2527 635 2588 adversus
647 2527 827 2586 Galbianos:
853 2525 911 2584 hoe
924 2525 1005 2584 enim
1026 2547 1137 2587 nomen
1148 2529 1233 2590 fasti·

204 2641 269 2700 dito
302 2637 431 2699 Vindice
458 2635 638 2697 indiderant
693 2637 791 2718 Igitur
824 2634 970 2713 Sequanis
998 2623 1170 2718 Aeduisque
1199 2658 1282 2700 aceo

203 2743 329 2819 deinde,
349 2751 445 2824 prout
466 2741 620 2822 opulentia
641 2741 814 2803 civitatibus
834 2753 922 2813 erat,
953 2739 1064 2800 infensi
1085 2763 1234 2824 expugna-

205 2852 302 2907 tiones
322 2847 458 2926 urbium,
478 2847 687 2928 populationes
697 2869 848 2929 agrorum,
870 2858 975 2928 raptus
993 2850 1148 2928 penatium
1157 2845 1235 2909 hau·

207 2967 314 3018 serunt
335 2959 458 3034 animo,
480 2977 572 3038 super
591 2959 749 3016 avaritiam
770 2967 800 3016 et
820 2957 1045 3039 adrogantiam,
1072 2958 1235 3039 praecipua

207 3059 395 3122 validiorum
416 3059 508 3134 vitia,
531 3063 721 3121 contumacia
742 3060 902 3122 Gallorum
927 3064 1047 3138 irritati,
1069 3063 1236 3143 quiremis·

208 3189 274 3231 sam
294 3166 352 3228 sibi
373 3190 391 3226 a
411 3166 509 3228 Galba
528 3179 666 3250 quartam
697 3168 886 3228 tributorum
913 3179 1033 3248 partem
1060 3179 1090 3228 et
1116 3167 1235 3248 publice
1244 3172 1283 3233 25

209 3276 335 3336 donatos
352 3278 384 3336 in
404 3277 599 3358 ignominiam
607 3280 753 3338 exereitus
773 3277 936 3340 iactabant.
978 3277 1108 3337 Accessit
1125 3274 1235 3336 callide

209 3381 380 3460 volgatum,
407 3389 521 3442 temere
539 3381 707 3456 creditum,
731 3382 885 3442 decumari
908 3381 1038 3461 legiones
1062 3393 1093 3442 et
1111 3404 1236 3464 promp-

209 3485 357 3546 tissimum
374 3509 526 3570 quemque
546 3493 757 3550 centurionum
782 3489 904 3556 dimini.
944 3489 1091 3572 Undique
1118 3501 1237 3550 atroces

210 3590 329 3665 nuntii,
350 3593 469 3656 neutra
486 3614 523 3655 ex
542 3595 617 3656 urbe
638 3597 734 3673 fama3
757 3594 871 3656 insensa
890 3595 1097 3678 Lugdunensis
1117 3595 1235 3656 colonia

284 3855 324 3892 12
342 3837 460 3894 &deun
475 3843 519 3896 ¹³
536 3853 608 3896 teste
626 3843 708 3893 Furia
725 3847 753 3892 ct
771 3841 832 3894 BC:
850 3841 930 3896 decus
952 3844 977 3896 G
997 3851 1025 3894 et
1042 3842 1129 3910 vulgo.
1149 3871 1179 3881 -
1199 3840 1237 3892 nd

212 3951 289 3986 uiua
306 3941 349 3988 cst
364 3931 400 3985 ad
414 3932 504 3986 hostes
523 3935 699 3996 cohibendos,
720 3935 758 3988 od
773 3933 888 3991 dedecus
906 3940 939 3991 eil
961 3936 1032 3988 eires
1052 3934 1235 3990 trucidandos.

285 4027 323 4078 15.
342 4026 514 4096 confractae,
536 4035 563 4077 ct
586 4031 620 4082 is.
640 4046 695 4097 qna
715 4027 842 4082 berennus
863 4031 962 4082 accolit
983 4027 1032 4079 Ml.
