2880 4720
81 483 85 490 .
218 420 280 490 398
580 419 649 520 DE,
663 417 930 480 nantontssus
1025 409 1026 420 ¹

90 640 100 652 ·
212 581 421 682 explicantur?
440 619 512 658 ¹nam
532 599 682 680 quomodo
705 599 819 658 nobiles
840 616 933 680 equos
954 589 1064 656 *cursus
1087 605 1119 655 et
1146 604 1240 678 spatia
1280 659 1285 668 ,

213 706 367 788 probant,
392 703 434 764 sic
458 715 502 766 eat
521 703 629 787 aliquis
647 713 807 766 oratorum
827 717 972 786 campus,
991 723 1047 786 per
1075 706 1165 784 quem
1186 708 1242 767 nisi

214 811 301 874 liberi
323 823 355 874 et
376 814 465 874 soluti
484 815 638 892 ferantur,
664 809 842 872 debilitatur
864 833 899 871 ac
922 811 1076 892 frangitur
1095 811 1241 894 eloquen-

184 943 185 946 ’
213 922 269 980 tie.
312 921 412 1001 lpsarn
433 920 506 1000 quin
528 920 619 978 immo
641 929 745 978 curam
765 896 967 998 et'diligentis
987 915 1047 984 stili
1065 919 1242 980 anxietatem

136 1069 139 1082 «
214 1030 399 1088 contrariam
419 1028 611 1108 experimur,
631 1028 701 1108 qnia
719 1046 807 1107 saepe
828 1027 995 1106 interrogat
1017 1025 1104 1086 iudex
1121 1021 1277 1090 causam&

99 1188 104 1199 .
215 1133 339 1216 quando
358 1133 493 1215 incipias,
516 1142 601 1193 etex
623 1133 861 1212 interrogatione
874 1133 938 1190 eius
959 1130 1165 1212 incipiendum
1188 1143 1242 1192 est.

183 1299 185 1305 .
214 1243 403 1323 Frequenter
423 1239 712 1321 probationibuset
731 1237 859 1300 testibus
885 1237 1038 1298 silentium
1066 1244 1243 1318 [patronus]

216 1347 333 1408 indicit.
353 1331 355 1340 ’
374 1345 464 1407 Unus
484 1349 564 1407 inter
585 1347 657 1406 haec
678 1345 791 1408 dicenti
815 1357 868 1406 aut
889 1344 964 1406 alter
985 1345 1119 1423 assistit,
1140 1355 1170 1404 et
1197 1360 1246 1404 res

215 1455 346 1514 velutin
371 1453 534 1514 solitudine
558 1454 667 1534 agitur.
710 1453 850 1514 Oratori.
868 1465 968 1514 antem
998 1453 1128 1514 clamore
1155 1452 1243 1536 plau·

214 1582 311 1642 suque
342 1581 417 1642 opus
444 1567 541 1621 est'et
562 1558 645 1621 velut
676 1559 809 1642 quodam
836 1559 968 1634 theatro;
1000 1561 1101 1642 qualia
1132 1559 1245 1621 cotidie
1262 1581 1304 1622 ro

139 1704 141 1711 =
217 1669 356 1750 antiquis
370 1665 544 1727 oratoribus
564 1667 798 1749 contingebant,
824 1687 893 1726 cum
916 1677 961 1728 tot
984 1669 1096 1748 pariter
1116 1689 1151 1728 ac
1179 1677 1245 1728 tam

218 1773 332 1834 nobiles
355 1775 453 1861 forum
475 1783 666 1848 coenarent,
688 1793 758 1832 cum
778 1773 936 1834 clientelae
957 1795 1079 1857 quoqne
1100 1795 1135 1834 ac
1148 1774 1253 1834 tribus

216 1889 248 1940 et
271 1878 506 1960 municipiorum
529 1881 619 1940 etiam
642 1881 804 1962 legationes
827 1902 863 1940 ac
890 1903 960 1961 pars
991 1881 1093 1942 ltaliae
1122 1881 1246 1964 pericli-

208 1985 354 2052 tantibus
375 1985 539 2064 assisteret,
562 2009 631 2048 cum
651 1989 682 2048 in
706 1987 856 2070 plerisque
888 1983 1008 2050 iudiciis
1028 1989 1162 2052 crederet
1187 2014 1247 2074 po.

218 2090 307 2174 palus
326 2093 480 2155 Romanus
502 2115 555 2154 sna
574 2098 718 2156 interesse
741 2095 816 2176 quid
836 2096 1029 2162 iudicaretur.
1073 2099 1300 2162 Satiscon.15

218 2211 279 2264 stat
299 2200 408 2262 Gaium
425 2199 609 2262 Cornelium
630 2209 660 2260 et
682 2203 818 2262 Marcum
839 2189 986 2262 Scaurum
1010 2214 1039 2264 et
1062 2205 1165 2264 Titum
1186 2205 1247 2264 Mi.

219 2309 320 2371 lonem
337 2319 366 2370 et
389 2309 517 2368 Lucium
539 2309 671 2370 Bestiam
688 2319 719 2370 et
738 2310 884 2372 Publium
904 2311 1064 2372 Vatinium
1097 2287 1245 2372 concursu

220 2417 314 2476 totius
336 2415 465 2475 civitatis
489 2424 519 2474 et
538 2425 691 2475 accusatos
724 2425 754 2474 et
784 2415 939 2492 defensos,
973 2429 1009 2478 ut
1031 2418 1249 2502 ¹frigidissimos

221 2512 346 2604 quoque
381 2533 520 2582 oratores
553 2514 617 2604 ipsa
645 2524 789 2584 certantis
818 2525 920 2608 populi
952 2527 1052 2588 studia
1067 2503 1199 2591 excitare
1218 2539 1248 2587 et

222 2630 386 2692 incendere
405 2632 566 2712 potuerint.
608 2631 714 2711 ltaque
735 2629 836 2692 hercle
863 2631 1012 2696 eiusmodi
1032 2634 1104 2696 libri
1117 2645 1245 2710 exstant,
1258 2657 1297 2695 20

219 2747 254 2796 ut
273 2736 328 2817 ipsi
351 2757 472 2818 quoqne
492 2739 543 2818 qui
561 2747 688 2820 egerunt
707 2757 768 2798 non
783 2739 847 2797 aliis
862 2743 955 2822 magis
972 2743 1163 2804 orationibus
1176 2765 1248 2806 cen-

221 2855 354 2906 seantur.
399 2847 459 2904 lam
480 2867 556 2906 vero
577 2849 737 2907 conciones
758 2847 893 2915 assiduae
908 2859 938 2909 et
957 2851 1062 2912 datum
1081 2853 1126 2912 ius
1141 2861 1246 2934 poten·
1259 2837 1314 2920 40

219 2952 364 3010 tissimum
388 2971 537 3034 quemque
558 2953 684 3014 vexandi
705 2961 799 3034 atque
818 2955 884 3034 ipsa
904 2958 1126 3020 inimicitiarum
1139 2949 1247 3041 gloria,

220 3079 291 3118 cum
312 3079 344 3120 se
363 3060 689 3140 plurimidisertornm
709 3081 788 3133 ne,a
817 3061 931 3124 Publio
961 3051 1083 3145 quidem
1107 3069 1250 3149 Scipione

223 3173 277 3222 aut
295 3163 380 3225 Sulla
402 3175 455 3225 aut
474 3165 580 3226 Gnaeo
601 3165 745 3246 Pompeio
762 3164 959 3246 abstinerent,
989 3181 1019 3232 ct
1038 3171 1077 3234 ad
1098 3175 1299 3243 incessu-25

219 3325 511 3343 ’nn—un*

290 3395 314 3446 5.
336 3394 586 3450 cansachkkerns
594 3393 799 3452 etWaltlrerns:
813 3393 927 3470 uquam
935 3399 1108 3468 superposito
1118 3439 1126 3454 .
1136 3405 1169 3462 t.
1181 3401 1249 3454 οᾰηι.

292 3507 315 3556 7·
334 3497 481 3561 patronus]
498 3491 614 3544 Multum
639 3489 747 3543 sudoris
775 3491 926 3546 editoribus
956 3493 1090 3566 capresnit
1114 3507 1249 3566 patrunus

220 3563 375 3651 importune
394 3588 422 3637 in
439 3585 512 3637 hunc
528 3585 617 3638 locum
635 3585 739 3648 illatus,
757 3585 806 3638 nbi
825 3587 859 3637 de
878 3581 1107 3652 iudica,‘non'de
1119 3601 1249 3658 patruum

221 3690 370 3728 sermonem
391 3695 449 3732 esse
466 3686 549 3749 patet.
565 3691 700 3751 patronus
721 3687 762 3732 eat
791 3681 1080 3753 interpretamentum,
1104 3684 1248 3752 quodia-

221 3763 714 3842 terpolatoradscripsit-verbislalsoa
728 3789 756 3825 re
765 3774 912 3832 intellectis
919 3795 990 3832 unus
996 3791 1045 3832 aut
1053 3771 1247 3832 atecr'assr'erit.

215 3909 220 3920 .
289 3865 332 3924 25.
348 3865 407 3922 Sila
427 3867 454 3917 F.
470 3866 535 3921 Mox
552 3885 578 3938 p.
597 3867 665 3938 399,
685 3881 709 3920 π.
727 3866 929 3934 adrectioritns
952 3871 1142 3930 Hermionae:
1172 3875 1193 3926 F
1219 3863 1249 3930 ae'r

224 3961 383 4017 lu'rtriones.¹
451 3979 458 3996 ⁸
767 3965 770 3972 “
