2880 4720
555 281 556 286 ’
668 299 678 330 ι

240 389 301 452 400
580 378 633 444 nu
656 372 923 440 ostronruus
1023 329 1028 340 ⁴

243 567 304 642 vit,
323 565 421 626 donec
443 583 475 622 se
496 561 632 642 partibus
652 571 681 630 et
702 557 937 622 dissensionibus
958 568 987 618 et
1013 557 1172 619 discordiis·
1196 581 1273 620 con.

243 669 336 750 lecit,
358 667 453 730 donec
475 667 558 730 nulla
579 668 637 730 tuit
655 673 687 730 in
707 669 777 730 foro
802 691 877 750 pax,
910 667 994 730 nulla
1018 669 1049 728 in
1070 679 1178 747 senatu
1197 689 1274 758 conf

243 777 360 856 cordia,
383 775 465 838 nulla
485 779 516 843 in
538 777 656 840 iudiciis
678 775 861 856 moderatio,
881 776 966 838 nulla
979 769 1171 858 superiorum
1187 797 1277 837 reve-

201 930 205 938 ·
243 887 355 964 tentia,
377 883 479 947 nullus
498 885 727 966 magistratuum
748 883 864 960 modus,
882 883 997 946 tulit'
974 905 1039 945 stne
1056 883 1153 946 dubio
1172 883 1277 946 valen·
1400 878 1401 946 l

224 983 355 1056 'liorem
376 990 601 1074 eloquentiam,
630 989 708 1082 sicut
726 987 891 1050 indomitus
911 1007 984 1069 ager
1003 975 1109 1048 'itabat
1130 987 1304 1070 quasdam5

244 1100 356 1164 heroas
376 1096 524 1160 laetiores.
565 1095 625 1158 Sed
650 1117 706 1158 nec
726 1100 804 1158 tanti
825 1098 872 1158 rei
897 1069 1039 1180 publicae
1062 1095 1279 1157 Gracchorum

246 1194 421 1290 eloquentia
443 1204 500 1268 suit
521 1209 555 1266 u't
575 1214 726 1290 poteretur
745 1215 776 1268 et
794 1202 891 1288 leget,
912 1227 969 1268 nec
991 1205 1067 1268 bene
1087 1204 1199 1266 famam
1215 1202 1280 1264 elo-
1399 1271 1400 1274 Ἴ

246 1313 390 1396 quentiae
418 1309 528 1374 Cicero
555 1311 609 1374 tali
632 1315 712 1372 exitu
738 1313 886 1394 pensavit.
928 1315 979 1374 Sic
1014 1333 1157 1396 quoque,
1195 1303 1400 1394 φιοάῌ

177 1463 181 1473 -
246 1433 380 1503 superest
398 1421 516 1504 antiqui
534 1417 723 1494 oratoribus,
743 1418 844 1480 lorum
861 1439 926 1480 nou
951 1419 1131 1480 emendatae
1149 1439 1207 1480 uec
1228 1442 1279 1480 us·
1399 1425 1400 1429 ’

247 1549 307 1612 qua
327 1527 366 1590 ad
386 1538 493 1588 votum
509 1527 692 1606 compositae
712 1527 843 1588 civitatis
871 1537 1083 1606 affiumemum
1113 1537 1165 1588 est.
1199 1528 1324 1606 Quisro
1401 1507 1402 1588 i

247 1638 326 1700 enim
347 1657 402 1699 nos
424 1635 556 1700 advocat
575 1635 633 1696 uisi
656 1645 710 1694 aut
731 1655 844 1698 nocent
864 1646 918 1696 aut
941 1637 1056 1698 misor?
1076 1635 1159 1717 qnod
1176 1636 1280 1694 muni·

247 1747 363 1826 cipium
381 1745 412 1804 in
432 1741 604 1807 clientelam
624 1756 759 1806 nostram
779 1745 877 1821 veuit,
901 1746 967 1806 nisi·
982 1743 1069 1828 quod
1089 1753 1143 1806 aut
1164 1742 1283 1802 ticinus

250 1850 379 1933 papulus
398 1861 453 1912 ant
473 1851 636 1912 domestica
655 1851 804 1914 discordia
824 1854 941 1935 agitati
971 1873 1065 1935 quam
1092 1851 1282 1932 provinciam
1401 1859 1403 1928 i

248 1969 372 2029 tuemur
399 1959 459 2020 nisi
486 1957 648 2040 spoliatam
678 1961 898 2042 vexatamque?
930 1959 1014 2042 atqui
1045 1957 1151 2020 melius
1175 1957 1283 2018 suisset

247 2066 433 2148 conqueri
469 2087 563 2150 φιιιιιι
591 2065 753 2134 vindicari.
810 2069 931 2146 Quodsi
960 2069 1153 2129 inveniretur
1178 2064 1322 2149 eliquari

247 2174 374 2250 orius,
391 2175 423 2238 iu
445 2195 506 2256 qua
527 2195 618 2236 nemo
633 2187 795 2256 peccaret,
817 2197 1020 2260 supervacuus
1039 2186 1115 2238 esset
1136 2175 1222 2246 inter
1234 2177 1280 2262 iu-

250 2289 395 2338 nocentes
415 2289 517 2338 orator
537 2281 618 2340 sicut
638 2281 717 2340 inter
737 2302 824 2342 sanos
857 2281 1004 2344 medicus.
1048 2281 1213 2360 Quomodo
1235 2294 1281 2343 ta.

249 2375 320 2444 men
342 2385 500 2446 minimum
521 2407 594 2448 usus
623 2389 845 2472 minimumque
874 2389 1030 2470 profectus
1055 2409 1103 2448 ars
1134 2385 1283 2452 medentis

248 2486 343 2550 babet
363 2488 396 2549 in
416 2490 453 2551 ila
474 2491 634 2572 gentibus,
656 2514 735 2574 quae
756 2493 925 2554 firmissima
945 2493 1112 2556 valitudine
1137 2517 1173 2558 ec
1201 2495 1281 2558 salu-

249 2595 391 2657 berrimis
411 2583 592 2678 corporibus
615 2609 765 2679 utuntur,
793 2604 836 2662 sic
857 2604 958 2666 minor
985 2613 1141 2666 oratorum
1172 2605 1321 2668 obsco-ro

251 2699 376 2781 riorque
397 2699 493 2780 gloria
512 2713 557 2762 ast
575 2702 658 2766 inter
677 2705 777 2769 bonos
797 2728 893 2768 mores
916 2719 946 2770 et
969 2712 1000 2770 iu
1021 2709 1201 2792 obsequium
1234 2692 1281 2774 re·

251 2807 348 2890 gentis
369 2819 507 2890 paratos„
540 2811 621 2890 Quid
645 2815 733 2874 enim.
746 2835 821 2894 opus
838 2823 883 2874 est
901 2812 1001 2896 longis
1022 2816 1053 2876 ia
1083 2825 1191 2878 senatu
1214 2839 1282 2879 seu·

251 2915 375 2996 tentiis,
394 2936 465 2978 cum
486 2918 593 2998 optimi
623 2920 685 2982 cito
719 2919 929 2982 consentiant?
949 2905 1034 3003 quid
1062 2923 1164 2985 multis
1197 2922 1280 3008 apud

150 3025 154 3030 ’
251 3025 401 3106 populum
422 3026 642 3101 macionibus,
663 3049 732 3090 cuer
753 3027 795 3090 de
810 3049 848 3090 ra
864 3029 988 3112 poblim
1010 3052 1074 3092 non
1092 3032 1231 3114 imperiti
1254 3041 1280 3092 et

252 3131 343 3196 auio
361 3131 533 3196 deliberent
551 3135 605 3196 sed
626 3135 861 3218 sapientissimus
880 3149 911 3202 et
935 3144 1040 3200 uuus?
1067 3139 1143 3223 quid
1173 3139 1322 3210 volun-25

334 3390 363 3446 ’5.
383 3393 470 3450 sicuti
484 3391 603 3450 domitus
622 3392 662 3459 1²,
685 3401 714 3450 et
729 3393 824 3462 statim
838 3394 968 3459 laticem
986 3402 1016 3448 et
1029 3406 1107 3460 arta,
1124 3412 1185 3452 eon
1200 3395 1279 3458 uati·

256 3489 330 3562 quod
349 3507 365 3544 e
382 3491 523 3546 Rheaeno.

339 3601 364 3654 9
381 3587 494 3657 antiqui
510 3581 531 3636 l.
551 3585 595 3636 Fr.
614 3583 785 3650 ornamina,
797 3587 956 3645 mandam
973 3587 1099 3659 liptinas
1111 3587 1279 3644 ccdioetau·

129 3733 147 3770 Ι
253 3673 517 3746 siquis-emendare.
546 3678 687 3735 Praeterea
704 3677 846 3744 Floreat,
864 3697 922 3736 aaa
937 3679 1037 3746 [aran.

328 3781 368 3819 ra
386 3771 542 3830 clientelam
560 3771 705 3829 Pithoeus:
722 3775 828 3832 codices
846 3777 990 3833 civitatem.

323 3878 367 3916 ao.
385 3862 555 3919 Foratarum
573 3863 828 3924 terminentur.
836 3867 1277 3943 hornaexdittograplriaaatum·

324 3956 366 4008 23.
383 3957 482 4028 ομιίιιιί
498 3958 659 4014 lllreuauute
652 3961 826 4033 ·l·'uptime.
860 3963 934 4016 Idem
953 3968 995 4020 25.
1012 3967 1135 4046 nidoris·
