2890 4728
493 507 566 574 nn
593 513 628 575 v.
652 513 738 576 eae.
760 517 891 580 re-as.
1076 495 1087 518 ‘
1154 521 1211 586 ais

194 696 328 757 scebant.
367 695 495 754 Romani
519 693 694 756 volneribus
713 693 804 756 exciti
827 703 976 775 quaerunt
998 713 1101 774 arma,
1123 706 1215 756 ruunt
1228 707 1253 777 (a
1271 708 1299 761 c,
1321 708 1374 773 3⁰>

194 823 249 882 per
266 803 346 878 vias,
368 803 454 882 pauci
474 811 585 862 ornatu
604 800 750 875 militari,
780 800 917 881 plerique
945 799 1058 860 circum
1093 800 1217 866 brachia

193 917 274 968 torta
310 917 392 966 veste
420 917 450 967 et
477 906 587 968 strictis
609 905 814 971 mucronibus.
848 904 926 970 Dux
960 906 1154 973 semisomnus
1181 931 1218 974 ae

192 1033 290 1097 prope
309 1015 437 1075 intectus
458 1035 558 1074 errore
580 1013 713 1073 bostium
734 1022 884 1074 servatur.
926 1014 1063 1096 Namque
1099 1025 1218 1094 praeto-

165 1121 269 1191 5riam
291 1141 399 1182 navem
418 1119 527 1182 vexillo
546 1119 796 1200 insignem,-illic
817 1119 925 1180 ducem
944 1122 1020 1200 rati,
1053 1115 1226 1202 abripiunt.¹
1326 1116 1327 1126 ¹

193 1226 317 1286 Cerialis
346 1228 420 1288 alibi
449 1240 567 1289 noctem
594 1237 716 1309 egerat,
746 1235 781 1284 ut
808 1227 947 1308 plerique
976 1226 1151 1304 credidere,
1181 1228 1220 1286 ob

191 1345 330 1414 stuprum
354 1335 499 1396 Claudiae
520 1337 660 1410 Sacratae
680 1333 814 1394 mulieris
837 1333 947 1412 Ubiae.
990 1332 1104 1414 Vigiles
1122 1334 1219 1414 'flagi.

190 1442 268 1499 tium
289 1461 378 1500 suum
401 1440 483 1500 ducis
496 1439 644 1498 dedecore
661 1431 851 1511 excusabant,
874 1445 1020 1516 tanquam
1041 1439 1109 1500 iussi
1121 1437 1219 1510 silere,

188 1567 227 1606 nc
248 1550 381 1626 quietem
401 1544 465 1603 eius
485 1538 660 1618 turbarent3
683 1545 724 1602 ita
744 1545 916 1602 intermisso
938 1544 1023 1622 signo
1044 1553 1075 1603 et
1097 1544 1218 1604 vocibus
1301 1535 1327 1627 ’

144 1669 218 1710 rose
242 1671 364 1732 quoque
386 1651 416 1710 in
446 1669 583 1709 somnum
612 1646 721 1728 lapsos.
764 1649 862 1708 Multa
889 1647 957 1708 luce
982 1649 1094 1708 revecti
1121 1649 1219 1710 hostes
1273 1637 1307 1672 '⁴'

188 1758 316 1838 captivis
340 1757 485 1833 navibus,
505 1757 688 1836 praetoriam
709 1755 868 1816 triremem
888 1753 1009 1816 llumine
1032 1757 1147 1836 Luppio
1163 1757 1218 1816 do·
1274 1773 1279 1825 ζ
1300 1764 1311 1772 ’“

121 1862 273 1942 Qssuum'
293 1864 424 1924 Veledae
456 1874 585 1925 traxere.
629 1864 759 1924 Civilem
793 1863 904 1944 cupido
934 1865 1052 1924 incessit
1082 1861 1219 1921 navalem

189 1973 285 2032 aciem
305 1970 484 2032 ostentandi.
531 1970 674 2052 Complet
692 1971 779 2054 quod
798 1972 973 2044 biremium,
993 1988 1128 2050 quaeque
1145 1969 1217 2026 sim·

169 2078 260 2160 ¹plici
281 2073 589 2159 ordiaeagebanturss
632 2080 755 2150 Adieata
778 2081 883 2157 ingens
905 2073 1045 2130 lintrium
1072 2072 1134 2147 vis;
1164 2074 1219 2130 tri·

144 2191 278 2251 r5cenos
308 2184 577 2264 quadragenosque
610 2192 670 2238 aa
695 2207 714 2240 a
752 2179 806 2239 sed
835 2187 1018 2238 armamenta
1052 2175 1219 2234 Liburnicis

188 2291 296 2363 solita;
321 2299 351 2350 et
372 2286 585 2366 simul'captae
607 2285 710 2344 lintres
732 2285 841 2366 sagulis
874 2279 1111 2342 versicoloribus
1138 2280 1220 2339 baud

189 2397 334 2458 indecore
362 2414 419 2476 pro
450 2391 523 2454 velis
555 2389 750 2451 iuvabantnr.
795 2390 933 2471 Spatium
967 2385 1050 2446 velut
1081 2389 1220 2466 aequoris

191 2503 341 2576 electum,
365 2521 426 2582 quo
448 2501 549 2558 Mosae
569 2496 704 2557 fluminis
725 2519 759 2558 os
790 2517 911 2558 amnem
933 2492 1074 2558 Rhenum
1095 2492 1225 2572 Oceano¹
1276 2567 1278 2575 Ι

190 2609 328 2670 affundit.
370 2607 466 2667 Causa
487 2603 682 2664 instruendae
713 2602 834 2677 classis,
870 2622 962 2682 super
994 2599 1220 2680 insitam'genti

141 2723 179 2775 ab
190 2717 368 2792 vanitatem,
404 2721 439 2772 ut
467 2733 503 2772 ec
535 2723 656 2772 terrore
686 2721 870 2772 commeatus
896 2707 994 2768 Gallia
1027 2708 1220 2770 adventantes

189 2822 419 2900 interciperent.
460 2818 585 2877 Cerialis
603 2816 750 2878 miraculo
771 2820 866 2898 magis
886 2837 979 2898 quam
999 2825 1081 2877 metu
1110 2813 1220 2874 direxit

194 2925 333 3000 classem,
357 2943 485 2982 numero
506 2925 665 3002 imparem,
696 2946 752 2984 usu
779 2927 946 3004 remigum,
980 2922 1221 3002 gubernatorum

193 3041 280 3104 arte,
304 3017 429 3090 navium
449 3030 654 3110 magnitudine
675 3033 835 3110 potiorem.
877 3028 931 3088 His
967 3025 1079 3091 flumen
1111 3045 1218 3106 secun-

106 3195 107 3199 ,
193 3140 282 3211 dum;
306 3138 351 3200 illi
369 3147 461 3206 ,vento
482 3136 655 3218 agebantur.
696 3139 747 3200 Sic
768 3137 943 3219 praevecti,
965 3141 1083 3194 tentato
1103 3113 1233 3212 levium¹

188 3282 479 3300 w—

277 3361 302 3410 6.
322 3353 440 3425 noctem]
459 3375 526 3411 nave
547 3355 597 3410 Ma.
616 3357 680 3408 Mox
701 3357 783 3410 Ubiae
801 3354 961 3410 Rhenanus:
982 3351 1044 3402 libri
1065 3349 1164 3401 abiet.

262 3469 299 3503 ιι.
321 3450 427 3520 Luppia
445 3449 605 3501 Rhenanus:
635 3449 761 3518 plerique
788 3446 892 3500 codices
911 3444 1003 3514 inpia,
1035 3443 1111 3510 quasi
1133 3441 1218 3504 fuerit

190 3543 292 3614 Lupia,
318 3557 375 3606 non
392 3544 517 3613 Luppia,
550 3542 597 3596 sed
624 3543 672 3594 ille
698 3541 794 3616 liuvius
819 3559 891 3594 nunc
916 3538 1026 3608 quidem
1051 3535 1085 3586 ab
1115 3537 1212 3586 accolis

195 3633 348 3689 'constanter
365 3639 448 3707 lippe
466 3637 625 3706 appellatur.
661 3637 756 3706 Itaque
775 3635 876 3711 eodem¹
896 3637 954 3690 iure
981 3630 1121 3684 scribimus
1140 3631 1214 3701 lup·

186 3727 331 3794 piamque
350 3727 490 3790 Bonnam,
510 3725 695 3795 quamvis-Ma
726 3741 785 3778 eum
816 3724 877 3776 aliis
900 3726 1004 3775 Bonam
1032 3739 1091 3776 eam
1119 3726 1214 3777 urbem

189 3817 378 3888 designandam
400 3822 556 3890 praecipiat.

260 3930 301 3968 ra.
319 3915 440 3987 incessit}
460 3916 552 3970 invasi
571 3911 682 3967 incessit
700 3910 752 3966 Ma·
788 3911 835 3964 Est
852 3911 1051 3987 dittograpbiae
1071 3914 1218 3982 specimen.

263 4008 299 4058 18.
318 4010 430 4064 eiectum
450 4010 512 4073 Ma,
540 4018 567 4062 et
593 4023 634 4061 20.
657 4009 797 4062 commenti
822 4008 936 4076 galliam
968 4009 1145 4064 adventantes
1174 4005 1219 4056 in·

191 4103 399 4170 tereiperentar,

989 4203 1027 4265 18
