<?xml version="1.0" encoding="UTF-8"?>
<!DOCTYPE html PUBLIC "-//W3C//DTD XHTML 1.0 Transitional//EN"
    "http://www.w3.org/TR/xhtml1/DTD/xhtml1-transitional.dtd">
<html xmlns="http://www.w3.org/1999/xhtml" xml:lang="en" lang="en">
 <head>
  <title>
</title>
<meta http-equiv="Content-Type" content="text/html;charset=utf-8" />
  <meta name='ocr-system' content='tesseract 3.04.00' />
  <meta name='ocr-capabilities' content='ocr_page ocr_carea ocr_par ocr_line ocrx_word'/>
</head>
<body>
  <div class='ocr_page' id='page_1' title='image "./ccorneliitaciti01rittgoog_0298.png"; bbox 0 0 2890 4728; ppageno 0'>
   <div class='ocr_carea' id='block_1_1' title="bbox 231 444 861 538">
    <p class='ocr_par' dir='ltr' id='par_1_1' title="bbox 231 444 861 538">
     <span class='ocr_line' id='line_1_1' title="bbox 231 444 861 538; baseline 0.003 -13"><span class='ocrx_word' id='word_1_1' title='bbox 231 474 292 538; x_wconf 69' lang='lat'>253</span> <span class='ocrx_word' id='word_1_2' title='bbox 378 521 381 524; x_wconf 82' lang='grc'><em>,</em></span> <span class='ocrx_word' id='word_1_3' title='bbox 587 444 861 527; x_wconf 75' lang='lat' dir='ltr'>‘urrunnun</span> 
     </span>
    </p>
   </div>
   <div class='ocr_carea' id='block_1_2' title="bbox 165 634 1333 2329">
    <p class='ocr_par' dir='ltr' id='par_1_2' title="bbox 229 634 1251 724">
     <span class='ocr_line' id='line_1_2' title="bbox 229 634 1251 724; baseline -0.007 -14"><span class='ocrx_word' id='word_1_4' title='bbox 229 670 282 712; x_wconf 89' lang='lat' dir='ltr'>suo</span> <span class='ocrx_word' id='word_1_5' title='bbox 302 667 338 708; x_wconf 62' lang='lat' dir='ltr'>‘ex</span> <span class='ocrx_word' id='word_1_6' title='bbox 355 638 422 707; x_wconf 67' lang='lat' dir='ltr'>&#39;acie</span> <span class='ocrx_word' id='word_1_7' title='bbox 442 645 606 706; x_wconf 70' lang='lat' dir='ltr'>recessisse.</span> <span class='ocrx_word' id='word_1_8' title='bbox 652 644 741 704; x_wconf 89' lang='lat' dir='ltr'>lllum</span> <span class='ocrx_word' id='word_1_9' title='bbox 762 643 923 704; x_wconf 84' lang='lat' dir='ltr'><strong>defendere</strong></span> <span class='ocrx_word' id='word_1_10' title='bbox 945 641 1034 716; x_wconf 90' lang='lat' dir='ltr'>tueri,</span> <span class='ocrx_word' id='word_1_11' title='bbox 1056 634 1251 724; x_wconf 58' lang='lat' dir='ltr'>s&#39;ua&#39;quoque</span> 
     </span>
    </p>

    <p class='ocr_par' dir='ltr' id='par_1_3' title="bbox 165 751 1333 1156">
     <span class='ocr_line' id='line_1_3' title="bbox 165 751 1252 834; baseline -0.007 -17"><span class='ocrx_word' id='word_1_12' title='bbox 165 810 167 823; x_wconf 56' lang='lat'>,</span> <span class='ocrx_word' id='word_1_13' title='bbox 226 755 318 816; x_wconf 80' lang='lat' dir='ltr'>fortia</span> <span class='ocrx_word' id='word_1_14' title='bbox 334 754 416 814; x_wconf 78' lang='lat' dir='ltr'>&#39;facta</span> <span class='ocrx_word' id='word_1_15' title='bbox 437 751 553 834; x_wconf 89' lang='lat' dir='ltr'>gloriae</span> <span class='ocrx_word' id='word_1_16' title='bbox 567 753 631 812; x_wconf 90' lang='lat' dir='ltr'>eius</span> <span class='ocrx_word' id='word_1_17' title='bbox 651 751 803 833; x_wconf 87' lang='lat' dir='ltr'>assignare</span> <span class='ocrx_word' id='word_1_18' title='bbox 819 751 1017 832; x_wconf 90' lang='lat' dir='ltr'>praecipuum</span> <span class='ocrx_word' id='word_1_19' title='bbox 1034 761 1252 809; x_wconf 87' lang='lat' dir='ltr'>sacramentum</span> 
     </span>
     <span class='ocr_line' id='line_1_4' title="bbox 228 849 1333 942; baseline -0.007 -19"><span class='ocrx_word' id='word_1_20' title='bbox 228 873 282 923; x_wconf 88' lang='lat' dir='ltr'>est.</span> <span class='ocrx_word' id='word_1_21' title='bbox 326 859 483 942; x_wconf 85' lang='lat' dir='ltr'>Principes</span> <span class='ocrx_word' id='word_1_22' title='bbox 500 880 557 942; x_wconf 90' lang='lat' dir='ltr'>pro</span> <span class='ocrx_word' id='word_1_23' title='bbox 575 859 699 920; x_wconf 82' lang='lat' dir='ltr'>victoria</span> <span class='ocrx_word' id='word_1_24' title='bbox 720 867 870 940; x_wconf 87' lang='lat' dir='ltr'>pugnant,</span> <span class='ocrx_word' id='word_1_25' title='bbox 891 858 1015 916; x_wconf 83' lang='lat' dir='ltr'><strong>comites</strong></span> <span class='ocrx_word' id='word_1_26' title='bbox 1030 873 1085 934; x_wconf 93' lang='lat' dir='ltr'>pro</span> <span class='ocrx_word' id='word_1_27' title='bbox 1104 855 1253 936; x_wconf 83' lang='lat' dir='ltr'>principe.</span> <span class='ocrx_word' id='word_1_28' title='bbox 1331 849 1333 856; x_wconf 70' lang='grc'>’</span> 
     </span>
     <span class='ocr_line' id='line_1_5' title="bbox 229 961 1255 1048; baseline -0.008 -19"><span class='ocrx_word' id='word_1_29' title='bbox 229 969 263 1029; x_wconf 89' lang='lat' dir='ltr'>Si</span> <span class='ocrx_word' id='word_1_30' title='bbox 283 969 387 1028; x_wconf 89' lang='lat' dir='ltr'>civitas</span> <span class='ocrx_word' id='word_1_31' title='bbox 408 969 438 1026; x_wconf 89' lang='lat' dir='ltr'>iu</span> <span class='ocrx_word' id='word_1_32' title='bbox 457 987 518 1048; x_wconf 81' lang='lat' dir='ltr'>qua</span> <span class='ocrx_word' id='word_1_33' title='bbox 538 965 598 1026; x_wconf 90' lang='lat' dir='ltr'>orti</span> <span class='ocrx_word' id='word_1_34' title='bbox 620 977 690 1026; x_wconf 90' lang='lat' dir='ltr'>sunt</span> <span class='ocrx_word' id='word_1_35' title='bbox 710 965 797 1046; x_wconf 86' lang='lat' dir='ltr'>longa</span> <span class='ocrx_word' id='word_1_36' title='bbox 819 985 894 1045; x_wconf 90' lang='lat' dir='ltr'>pace</span> <span class='ocrx_word' id='word_1_37' title='bbox 914 974 946 1025; x_wconf 89' lang='lat' dir='ltr'>et</span> <span class='ocrx_word' id='word_1_38' title='bbox 965 965 1027 1024; x_wconf 93' lang='lat' dir='ltr'>otio</span> <span class='ocrx_word' id='word_1_39' title='bbox 1049 961 1255 1042; x_wconf 88' lang='lat' dir='ltr'>torpeat,ple-</span> 
     </span>
     <span class='ocr_line' id='line_1_6' title="bbox 229 1069 1284 1156; baseline 0 -22"><span class='ocrx_word' id='word_1_40' title='bbox 229 1076 315 1156; x_wconf 90' lang='lat' dir='ltr'>rique</span> <span class='ocrx_word' id='word_1_41' title='bbox 335 1072 482 1133; x_wconf 84' lang='lat' dir='ltr'>nobilium</span> <span class='ocrx_word' id='word_1_42' title='bbox 504 1071 739 1132; x_wconf 87' lang='lat' dir='ltr'>adulescentium</span> <span class='ocrx_word' id='word_1_43' title='bbox 768 1082 875 1152; x_wconf 85' lang='lat' dir='ltr'>petunt</span> <span class='ocrx_word' id='word_1_44' title='bbox 906 1069 990 1130; x_wconf 89' lang='lat' dir='ltr'>ultro</span> <span class='ocrx_word' id='word_1_45' title='bbox 1020 1079 1083 1128; x_wconf 73' lang='lat' dir='ltr'>eas&#39;</span> <span class='ocrx_word' id='word_1_46' title='bbox 1102 1071 1284 1148; x_wconf 59' lang='lat' dir='ltr'>nationem&amp;</span> 
     </span>
    </p>

    <p class='ocr_par' dir='ltr' id='par_1_4' title="bbox 173 1177 1326 2329">
     <span class='ocr_line' id='line_1_7' title="bbox 173 1177 1254 1264; baseline -0.005 -23"><span class='ocrx_word' id='word_1_47' title='bbox 173 1227 177 1250; x_wconf 81' lang='lat'>,</span> <span class='ocrx_word' id='word_1_48' title='bbox 231 1202 309 1264; x_wconf 88' lang='lat' dir='ltr'>quae</span> <span class='ocrx_word' id='word_1_49' title='bbox 336 1191 400 1240; x_wconf 91' lang='lat' dir='ltr'>tum</span> <span class='ocrx_word' id='word_1_50' title='bbox 426 1177 539 1240; x_wconf 91' lang='lat' dir='ltr'>bellum</span> <span class='ocrx_word' id='word_1_51' title='bbox 565 1178 692 1260; x_wconf 88' lang='lat' dir='ltr'>aliquod</span> <span class='ocrx_word' id='word_1_52' title='bbox 713 1188 841 1258; x_wconf 84' lang='lat' dir='ltr'>gerunt,</span> <span class='ocrx_word' id='word_1_53' title='bbox 870 1179 940 1260; x_wconf 91' lang='lat' dir='ltr'>quia</span> <span class='ocrx_word' id='word_1_54' title='bbox 971 1188 1001 1237; x_wconf 91' lang='lat' dir='ltr'>et</span> <span class='ocrx_word' id='word_1_55' title='bbox 1025 1179 1141 1256; x_wconf 88' lang='lat' dir='ltr'>ingrata</span> <span class='ocrx_word' id='word_1_56' title='bbox 1171 1178 1254 1257; x_wconf 90' lang='lat' dir='ltr'>genti</span> 
     </span>
     <span class='ocr_line' id='line_1_8' title="bbox 230 1282 1255 1368; baseline -0.003 -22"><span class='ocrx_word' id='word_1_57' title='bbox 230 1289 338 1368; x_wconf 69' lang='lat' dir='ltr'>quies,</span> <span class='ocrx_word' id='word_1_58' title='bbox 373 1296 403 1346; x_wconf 90' lang='lat' dir='ltr'>et</span> <span class='ocrx_word' id='word_1_59' title='bbox 417 1285 549 1357; x_wconf 52' lang='lat' dir='ltr'>,facilius</span> <span class='ocrx_word' id='word_1_60' title='bbox 576 1286 656 1345; x_wconf 89' lang='lat' dir='ltr'>inter</span> <span class='ocrx_word' id='word_1_61' title='bbox 675 1284 816 1364; x_wconf 79' lang='lat' dir='ltr'>ancipitia</span> <span class='ocrx_word' id='word_1_62' title='bbox 835 1282 1022 1356; x_wconf 90' lang='lat' dir='ltr'>clarescunt,</span> <span class='ocrx_word' id='word_1_63' title='bbox 1053 1305 1255 1364; x_wconf 87' lang='lat' dir='ltr'>magnumque</span> 
     </span>
     <span class='ocr_line' id='line_1_9' title="bbox 232 1389 1255 1472; baseline -0.004 -18"><span class='ocrx_word' id='word_1_64' title='bbox 232 1395 409 1458; x_wconf 86' lang='lat' dir='ltr'>comitatum</span> <span class='ocrx_word' id='word_1_65' title='bbox 429 1390 549 1450; x_wconf 87' lang='lat' dir='ltr'>nonnisi</span> <span class='ocrx_word' id='word_1_66' title='bbox 569 1393 600 1450; x_wconf 89' lang='lat' dir='ltr'>vi</span> <span class='ocrx_word' id='word_1_67' title='bbox 621 1389 762 1472; x_wconf 89' lang='lat' dir='ltr'>belloque</span> <span class='ocrx_word' id='word_1_68' title='bbox 781 1401 894 1454; x_wconf 88' lang='lat' dir='ltr'>tueare.</span> <span class='ocrx_word' id='word_1_69' title='bbox 934 1391 1065 1470; x_wconf 87' lang='lat' dir='ltr'>Exiguut</span> <span class='ocrx_word' id='word_1_70' title='bbox 1077 1391 1155 1450; x_wconf 91' lang='lat' dir='ltr'>euim</span> <span class='ocrx_word' id='word_1_71' title='bbox 1169 1393 1255 1470; x_wconf 86' lang='lat' dir='ltr'>priu-</span> 
     </span>
     <span class='ocr_line' id='line_1_10' title="bbox 233 1494 1255 1580; baseline -0.003 -21"><span class='ocrx_word' id='word_1_72' title='bbox 233 1501 308 1580; x_wconf 89' lang='lat' dir='ltr'>cipis</span> <span class='ocrx_word' id='word_1_73' title='bbox 332 1500 376 1557; x_wconf 89' lang='lat' dir='ltr'>sui</span> <span class='ocrx_word' id='word_1_74' title='bbox 396 1495 577 1556; x_wconf 73' lang='lat' dir='ltr'>liberalitate</span> <span class='ocrx_word' id='word_1_75' title='bbox 593 1495 680 1555; x_wconf 91' lang='lat' dir='ltr'>illum</span> <span class='ocrx_word' id='word_1_76' title='bbox 698 1494 876 1556; x_wconf 82' lang='lat' dir='ltr'>bellatorem</span> <span class='ocrx_word' id='word_1_77' title='bbox 898 1515 1028 1576; x_wconf 86' lang='lat' dir='ltr'>equum,</span> <span class='ocrx_word' id='word_1_78' title='bbox 1049 1495 1131 1556; x_wconf 87' lang='lat' dir='ltr'>illam</span> <span class='ocrx_word' id='word_1_79' title='bbox 1146 1519 1255 1558; x_wconf 87' lang='lat' dir='ltr'>cruen-</span> 
     </span>
     <span class='ocr_line' id='line_1_11' title="bbox 231 1602 1307 1685; baseline -0.002 -19"><span class='ocrx_word' id='word_1_80' title='bbox 231 1619 294 1667; x_wconf 87' lang='lat' dir='ltr'>tam</span> <span class='ocrx_word' id='word_1_81' title='bbox 320 1603 533 1682; x_wconf 80' lang='lat' dir='ltr'>victricemque</span> <span class='ocrx_word' id='word_1_82' title='bbox 563 1602 719 1664; x_wconf 82' lang='lat' dir='ltr'>frameam.</span> <span class='ocrx_word' id='word_1_83' title='bbox 762 1605 837 1664; x_wconf 85' lang='lat' dir='ltr'>Nam</span> <span class='ocrx_word' id='word_1_84' title='bbox 868 1603 973 1684; x_wconf 85' lang='lat' dir='ltr'>epulae</span> <span class='ocrx_word' id='word_1_85' title='bbox 1003 1614 1052 1680; x_wconf 89' lang='lat' dir='ltr'>et,</span> <span class='ocrx_word' id='word_1_86' title='bbox 1082 1625 1256 1685; x_wconf 83' lang='lat' dir='ltr'>quanquam</span> <span class='ocrx_word' id='word_1_87' title='bbox 1271 1619 1307 1658; x_wconf 82' lang='lat'>10</span> 
     </span>
     <span class='ocr_line' id='line_1_12' title="bbox 232 1708 1257 1792; baseline -0.002 -20"><span class='ocrx_word' id='word_1_88' title='bbox 232 1711 402 1788; x_wconf 82' lang='lat' dir='ltr'>incompti,</span> <span class='ocrx_word' id='word_1_89' title='bbox 440 1708 518 1789; x_wconf 86' lang='lat' dir='ltr'>largi</span> <span class='ocrx_word' id='word_1_90' title='bbox 550 1720 650 1771; x_wconf 89' lang='lat' dir='ltr'>tamen</span> <span class='ocrx_word' id='word_1_91' title='bbox 683 1721 841 1792; x_wconf 87' lang='lat' dir='ltr'>apparatus</span> <span class='ocrx_word' id='word_1_92' title='bbox 872 1731 927 1789; x_wconf 90' lang='lat' dir='ltr'>pro</span> <span class='ocrx_word' id='word_1_93' title='bbox 955 1708 1103 1792; x_wconf 87' lang='lat' dir='ltr'>stipendio</span> <span class='ocrx_word' id='word_1_94' title='bbox 1133 1709 1257 1775; x_wconf 88' lang='lat' dir='ltr'>cedunt.</span> 
     </span>
     <span class='ocr_line' id='line_1_13' title="bbox 232 1817 1258 1899; baseline -0.003 -20"><span class='ocrx_word' id='word_1_95' title='bbox 232 1821 359 1880; x_wconf 81' lang='lat' dir='ltr'>Materia</span> <span class='ocrx_word' id='word_1_96' title='bbox 377 1817 597 1878; x_wconf 85' lang='lat' dir='ltr'>munificentiae</span> <span class='ocrx_word' id='word_1_97' title='bbox 617 1839 671 1898; x_wconf 93' lang='lat' dir='ltr'>per</span> <span class='ocrx_word' id='word_1_98' title='bbox 695 1817 772 1880; x_wconf 85' lang='lat' dir='ltr'>bella</span> <span class='ocrx_word' id='word_1_99' title='bbox 794 1829 823 1878; x_wconf 88' lang='lat' dir='ltr'>et</span> <span class='ocrx_word' id='word_1_100' title='bbox 843 1830 957 1899; x_wconf 87' lang='lat' dir='ltr'>raptus.</span> <span class='ocrx_word' id='word_1_101' title='bbox 999 1818 1061 1878; x_wconf 83' lang='lat' dir='ltr'>Nec</span> <span class='ocrx_word' id='word_1_102' title='bbox 1082 1837 1169 1878; x_wconf 89' lang='lat' dir='ltr'>arare</span> <span class='ocrx_word' id='word_1_103' title='bbox 1197 1827 1258 1877; x_wconf 84' lang='lat' dir='ltr'>ter·</span> 
     </span>
     <span class='ocr_line' id='line_1_14' title="bbox 232 1924 1258 2006; baseline -0.004 -20"><span class='ocrx_word' id='word_1_104' title='bbox 232 1946 298 1986; x_wconf 78' lang='lat' dir='ltr'>rani</span> <span class='ocrx_word' id='word_1_105' title='bbox 317 1935 371 1986; x_wconf 86' lang='lat' dir='ltr'>aut</span> <span class='ocrx_word' id='word_1_106' title='bbox 392 1935 561 2006; x_wconf 86' lang='lat' dir='ltr'>exspectare</span> <span class='ocrx_word' id='word_1_107' title='bbox 581 1945 696 1986; x_wconf 86' lang='lat' dir='ltr'>anuum</span> <span class='ocrx_word' id='word_1_108' title='bbox 717 1936 779 1984; x_wconf 87' lang='lat' dir='ltr'>tam</span> <span class='ocrx_word' id='word_1_109' title='bbox 797 1924 883 1984; x_wconf 84' lang='lat' dir='ltr'>facile</span> <span class='ocrx_word' id='word_1_110' title='bbox 898 1925 1079 2006; x_wconf 81' lang='lat' dir='ltr'>persuaseris</span> <span class='ocrx_word' id='word_1_111' title='bbox 1100 1945 1191 2004; x_wconf 85' lang='lat' dir='ltr'>quam</span> <span class='ocrx_word' id='word_1_112' title='bbox 1204 1943 1258 1982; x_wconf 85' lang='lat' dir='ltr'>vo·</span> 
     </span>
     <span class='ocr_line' id='line_1_15' title="bbox 233 2011 1258 2113; baseline -0.002 -21"><span class='ocrx_word' id='word_1_113' title='bbox 233 2031 425 2092; x_wconf 79' lang='lat' dir='ltr'>car&#39;ehostem</span> <span class='ocrx_word' id='word_1_114' title='bbox 440 2041 471 2090; x_wconf 89' lang='lat' dir='ltr'>et</span> <span class='ocrx_word' id='word_1_115' title='bbox 485 2011 613 2091; x_wconf 78' lang='lat' dir='ltr'>volnera</span> <span class='ocrx_word' id='word_1_116' title='bbox 626 2033 751 2092; x_wconf 86' lang='lat' dir='ltr'>mereri.</span> <span class='ocrx_word' id='word_1_117' title='bbox 770 2032 908 2113; x_wconf 69' lang='lat' dir='ltr'>‘Pigrum</span> <span class='ocrx_word' id='word_1_118' title='bbox 924 2031 997 2112; x_wconf 88' lang='lat' dir='ltr'>quin</span> <span class='ocrx_word' id='word_1_119' title='bbox 1017 2032 1108 2090; x_wconf 88' lang='lat' dir='ltr'>immo</span> <span class='ocrx_word' id='word_1_120' title='bbox 1129 2043 1158 2092; x_wconf 90' lang='lat' dir='ltr'>et</span> <span class='ocrx_word' id='word_1_121' title='bbox 1178 2033 1258 2091; x_wconf 88' lang='lat' dir='ltr'>iners</span> 
     </span>
     <span class='ocr_line' id='line_1_16' title="bbox 234 2132 1310 2224; baseline -0.001 -24"><span class='ocrx_word' id='word_1_122' title='bbox 234 2133 356 2200; x_wconf 84' lang='lat' dir='ltr'>videtur</span> <span class='ocrx_word' id='word_1_123' title='bbox 377 2137 489 2224; x_wconf 86' lang='lat' dir='ltr'>sudore</span> <span class='ocrx_word' id='word_1_124' title='bbox 510 2137 668 2218; x_wconf 86' lang='lat' dir='ltr'>acquirere</span> <span class='ocrx_word' id='word_1_125' title='bbox 689 2137 770 2218; x_wconf 91' lang='lat' dir='ltr'>quod</span> <span class='ocrx_word' id='word_1_126' title='bbox 790 2137 889 2220; x_wconf 85' lang='lat' dir='ltr'>possis</span> <span class='ocrx_word' id='word_1_127' title='bbox 910 2141 1055 2220; x_wconf 82' lang='lat' dir='ltr'>sanguine</span> <span class='ocrx_word' id='word_1_128' title='bbox 1075 2159 1190 2220; x_wconf 87' lang='lat' dir='ltr'>parare.</span> <span class='ocrx_word' id='word_1_129' title='bbox 1270 2132 1310 2192; x_wconf 82' lang='lat'>¹5</span> 
     </span>
     <span class='ocr_line' id='line_1_17' title="bbox 237 2226 1326 2329; baseline 0 -24"><span class='ocrx_word' id='word_1_130' title='bbox 237 2301 238 2305; x_wconf 75' lang='grc'>,</span> <span class='ocrx_word' id='word_1_131' title='bbox 317 2244 464 2322; x_wconf 85' lang='lat' dir='ltr'>Quotiens</span> <span class='ocrx_word' id='word_1_132' title='bbox 486 2243 565 2306; x_wconf 88' lang='lat' dir='ltr'>bella</span> <span class='ocrx_word' id='word_1_133' title='bbox 585 2265 647 2306; x_wconf 88' lang='lat' dir='ltr'>uon</span> <span class='ocrx_word' id='word_1_134' title='bbox 667 2245 789 2324; x_wconf 85' lang='lat' dir='ltr'>ineunt,</span> <span class='ocrx_word' id='word_1_135' title='bbox 824 2246 953 2306; x_wconf 90' lang='lat' dir='ltr'>multum</span> <span class='ocrx_word' id='word_1_136' title='bbox 981 2247 1156 2323; x_wconf 86' lang='lat' dir='ltr'>venatibus,</span> <span class='ocrx_word' id='word_1_137' title='bbox 1180 2227 1257 2329; x_wconf 30' lang='lat' dir='ltr'>¹&#39;plus</span> <span class='ocrx_word' id='word_1_138' title='bbox 1270 2226 1326 2307; x_wconf 79' lang='grc'>15</span> 
     </span>
    </p>
   </div>
   <div class='ocr_carea' id='block_1_3' title="bbox 231 2385 522 2402">
    <p class='ocr_par' dir='ltr' id='par_1_5' title="bbox 231 2385 522 2402">
     <span class='ocr_line' id='line_1_18' title="bbox 231 2385 522 2402; baseline 0 0"><span class='ocrx_word' id='word_1_139' title='bbox 231 2385 522 2402; x_wconf 56' lang='lat' dir='ltr'>m·-</span> 
     </span>
    </p>
   </div>
   <div class='ocr_carea' id='block_1_4' title="bbox 186 2471 1323 4143">
    <p class='ocr_par' dir='ltr' id='par_1_6' title="bbox 186 2471 1323 4143">
     <span class='ocr_line' id='line_1_19' title="bbox 305 2471 1260 2546; baseline 0.004 -22"><span class='ocrx_word' id='word_1_140' title='bbox 305 2477 343 2526; x_wconf 72' lang='lat'>16.</span> <span class='ocrx_word' id='word_1_141' title='bbox 362 2471 617 2545; x_wconf 56' lang='lat' dir='ltr'>multumlcodices</span> <span class='ocrx_word' id='word_1_142' title='bbox 636 2495 693 2528; x_wconf 86' lang='lat' dir='ltr'>non</span> <span class='ocrx_word' id='word_1_143' title='bbox 712 2478 833 2530; x_wconf 83' lang='lat' dir='ltr'>multum.</span> <span class='ocrx_word' id='word_1_144' title='bbox 849 2507 890 2526; x_wconf 87' lang='grc'>,-</span> <span class='ocrx_word' id='word_1_145' title='bbox 909 2477 1097 2546; x_wconf 87' lang='lat' dir='ltr'>Negationem,</span> <span class='ocrx_word' id='word_1_146' title='bbox 1125 2493 1157 2530; x_wconf 86' lang='lat' dir='ltr'>ex</span> <span class='ocrx_word' id='word_1_147' title='bbox 1179 2486 1260 2530; x_wconf 57' lang='lat' dir='ltr'>ante*</span> 
     </span>
     <span class='ocr_line' id='line_1_20' title="bbox 233 2565 1259 2638; baseline 0.006 -20"><span class='ocrx_word' id='word_1_148' title='bbox 233 2565 393 2618; x_wconf 82' lang='lat' dir='ltr'>cedentibus</span> <span class='ocrx_word' id='word_1_149' title='bbox 411 2566 464 2618; x_wconf 90' lang='lat' dir='ltr'>huc</span> <span class='ocrx_word' id='word_1_150' title='bbox 482 2567 618 2632; x_wconf 84' lang='lat' dir='ltr'>delatam,</span> <span class='ocrx_word' id='word_1_151' title='bbox 647 2566 747 2623; x_wconf 88' lang='lat' dir='ltr'>delevit</span> <span class='ocrx_word' id='word_1_152' title='bbox 764 2571 888 2638; x_wconf 85' lang='lat' dir='ltr'>Lipsius,</span> <span class='ocrx_word' id='word_1_153' title='bbox 918 2573 993 2623; x_wconf 86' lang='lat' dir='ltr'>nisus</span> <span class='ocrx_word' id='word_1_154' title='bbox 1022 2573 1070 2624; x_wconf 88' lang='lat' dir='ltr'>ille</span> <span class='ocrx_word' id='word_1_155' title='bbox 1089 2573 1210 2625; x_wconf 83' lang='lat' dir='ltr'>Caesaris</span> <span class='ocrx_word' id='word_1_156' title='bbox 1229 2574 1259 2624; x_wconf 84' lang='lat' dir='ltr'>B.</span> 
     </span>
     <span class='ocr_line' id='line_1_21' title="bbox 235 2660 1259 2739; baseline 0.007 -27"><span class='ocrx_word' id='word_1_157' title='bbox 235 2662 266 2712; x_wconf 88' lang='lat' dir='ltr'>G.</span> <span class='ocrx_word' id='word_1_158' title='bbox 283 2660 334 2722; x_wconf 87' lang='lat' dir='ltr'>VI,</span> <span class='ocrx_word' id='word_1_159' title='bbox 359 2677 399 2714; x_wconf 80' lang='lat' dir='ltr'>at.</span> <span class='ocrx_word' id='word_1_160' title='bbox 419 2663 482 2714; x_wconf 86' lang='lat' dir='ltr'>Vita</span> <span class='ocrx_word' id='word_1_161' title='bbox 511 2664 705 2716; x_wconf 81' lang='lat' dir='ltr'>Germanorum</span> <span class='ocrx_word' id='word_1_162' title='bbox 727 2666 814 2716; x_wconf 88' lang='lat' dir='ltr'>omnis</span> <span class='ocrx_word' id='word_1_163' title='bbox 843 2667 873 2716; x_wconf 87' lang='lat' dir='ltr'>in</span> <span class='ocrx_word' id='word_1_164' title='bbox 899 2668 1095 2722; x_wconf 79' lang='lat' dir='ltr'>venationibus</span> <span class='ocrx_word' id='word_1_165' title='bbox 1118 2683 1200 2739; x_wconf 86' lang='lat' dir='ltr'>atque</span> <span class='ocrx_word' id='word_1_166' title='bbox 1226 2669 1259 2720; x_wconf 86' lang='lat' dir='ltr'>in</span> 
     </span>
     <span class='ocr_line' id='line_1_22' title="bbox 186 2751 1323 2831; baseline 0.006 -26"><span class='ocrx_word' id='word_1_167' title='bbox 186 2755 188 2762; x_wconf 83' lang='lat'>&#39;</span> <span class='ocrx_word' id='word_1_168' title='bbox 235 2751 333 2806; x_wconf 80' lang='lat' dir='ltr'>studiis</span> <span class='ocrx_word' id='word_1_169' title='bbox 350 2755 393 2806; x_wconf 85' lang='lat' dir='ltr'>rei</span> <span class='ocrx_word' id='word_1_170' title='bbox 410 2753 523 2808; x_wconf 80' lang='lat' dir='ltr'>bellicae</span> <span class='ocrx_word' id='word_1_171' title='bbox 544 2758 717 2810; x_wconf 82' lang='lat' dir='ltr'>consumitur.</span> <span class='ocrx_word' id='word_1_172' title='bbox 747 2756 821 2806; x_wconf 89' lang='lat' dir='ltr'>tdem</span> <span class='ocrx_word' id='word_1_173' title='bbox 839 2757 883 2818; x_wconf 89' lang='lat' dir='ltr'>IV,</span> <span class='ocrx_word' id='word_1_174' title='bbox 906 2775 925 2810; x_wconf 87' lang='grc' dir='ltr'>ι.</span> <span class='ocrx_word' id='word_1_175' title='bbox 942 2761 1060 2814; x_wconf 84' lang='lat' dir='ltr'>Multum</span> <span class='ocrx_word' id='word_1_176' title='bbox 1079 2760 1260 2831; x_wconf 79' lang='lat' dir='ltr'>sunt(Sueri)</span> <span class='ocrx_word' id='word_1_177' title='bbox 1320 2771 1323 2778; x_wconf 85' lang='grc'><strong>’</strong></span> 
     </span>
     <span class='ocr_line' id='line_1_23' title="bbox 236 2849 1259 2920; baseline 0.007 -21"><span class='ocrx_word' id='word_1_178' title='bbox 236 2851 266 2899; x_wconf 82' lang='lat' dir='ltr'>in</span> <span class='ocrx_word' id='word_1_179' title='bbox 286 2849 486 2903; x_wconf 82' lang='lat' dir='ltr'>venationibus.</span> <span class='ocrx_word' id='word_1_180' title='bbox 516 2851 598 2902; x_wconf 80' lang='lat' dir='ltr'>Aliud</span> <span class='ocrx_word' id='word_1_181' title='bbox 616 2867 646 2902; x_wconf 87' lang='lat' dir='ltr'>ac</span> <span class='ocrx_word' id='word_1_182' title='bbox 664 2850 780 2902; x_wconf 88' lang='lat' dir='ltr'>validius</span> <span class='ocrx_word' id='word_1_183' title='bbox 797 2849 884 2920; x_wconf 83' lang='lat' dir='ltr'>Lipsii</span> <span class='ocrx_word' id='word_1_184' title='bbox 904 2863 1090 2920; x_wconf 84' lang='lat' dir='ltr'>argumentum</span> <span class='ocrx_word' id='word_1_185' title='bbox 1110 2856 1139 2906; x_wconf 88' lang='lat' dir='ltr'>in</span> <span class='ocrx_word' id='word_1_186' title='bbox 1158 2872 1207 2905; x_wconf 89' lang='lat' dir='ltr'>usu</span> <span class='ocrx_word' id='word_1_187' title='bbox 1229 2862 1259 2906; x_wconf 89' lang='lat' dir='ltr'>et</span> 
     </span>
     <span class='ocr_line' id='line_1_24' title="bbox 236 2944 1258 3020; baseline 0.01 -28"><span class='ocrx_word' id='word_1_188' title='bbox 236 2944 341 2993; x_wconf 87' lang='lat' dir='ltr'>ratione</span> <span class='ocrx_word' id='word_1_189' title='bbox 359 2946 475 3012; x_wconf 87' lang='lat' dir='ltr'>positum</span> <span class='ocrx_word' id='word_1_190' title='bbox 495 2952 552 3000; x_wconf 80' lang='lat' dir='ltr'>est:</span> <span class='ocrx_word' id='word_1_191' title='bbox 571 2945 671 3014; x_wconf 88' lang='lat' dir='ltr'>quippe</span> <span class='ocrx_word' id='word_1_192' title='bbox 688 2953 780 3012; x_wconf 81' lang='lat' dir='ltr'>gentes</span> <span class='ocrx_word' id='word_1_193' title='bbox 802 2961 875 2997; x_wconf 89' lang='lat' dir='ltr'>acres</span> <span class='ocrx_word' id='word_1_194' title='bbox 895 2947 1040 3020; x_wconf 85' lang='lat' dir='ltr'>feraeque,</span> <span class='ocrx_word' id='word_1_195' title='bbox 1062 2951 1110 3002; x_wconf 90' lang='lat' dir='ltr'>ubi</span> <span class='ocrx_word' id='word_1_196' title='bbox 1128 2947 1258 3002; x_wconf 84' lang='lat' dir='ltr'>silvarum</span> 
     </span>
     <span class='ocr_line' id='line_1_25' title="bbox 234 3017 1257 3114; baseline 0.006 -26"><span class='ocrx_word' id='word_1_197' title='bbox 234 3037 327 3106; x_wconf 89' lang='lat' dir='ltr'>copia,</span> <span class='ocrx_word' id='word_1_198' title='bbox 344 3039 452 3091; x_wconf 88' lang='lat' dir='ltr'>venatui</span> <span class='ocrx_word' id='word_1_199' title='bbox 474 3040 582 3092; x_wconf 87' lang='lat' dir='ltr'>deditae</span> <span class='ocrx_word' id='word_1_200' title='bbox 603 3055 661 3090; x_wconf 80' lang='lat' dir='ltr'>erse</span> <span class='ocrx_word' id='word_1_201' title='bbox 680 3040 776 3090; x_wconf 86' lang='lat' dir='ltr'>solent.</span> <span class='ocrx_word' id='word_1_202' title='bbox 812 3041 903 3102; x_wconf 79' lang='lat' dir='ltr'>Addo,</span> <span class='ocrx_word' id='word_1_203' title='bbox 925 3047 948 3093; x_wconf 89' lang='lat' dir='ltr'>si</span> <span class='ocrx_word' id='word_1_204' title='bbox 968 3045 1108 3096; x_wconf 87' lang='lat' dir='ltr'>enuntiata</span> <span class='ocrx_word' id='word_1_205' title='bbox 1125 3017 1257 3114; x_wconf 84' lang='lat' dir='ltr'>copulen—</span> 
     </span>
     <span class='ocr_line' id='line_1_26' title="bbox 234 3131 1257 3208; baseline 0.006 -24"><span class='ocrx_word' id='word_1_206' title='bbox 234 3142 278 3184; x_wconf 85' lang='lat' dir='ltr'>tur</span> <span class='ocrx_word' id='word_1_207' title='bbox 295 3147 343 3200; x_wconf 87' lang='lat' dir='ltr'>per</span> <span class='ocrx_word' id='word_1_208' title='bbox 361 3153 417 3188; x_wconf 90' lang='lat' dir='ltr'>non</span> <span class='ocrx_word' id='word_1_209' title='bbox 431 3134 542 3186; x_wconf 88' lang='lat' dir='ltr'>multum</span> <span class='ocrx_word' id='word_1_210' title='bbox 560 3139 587 3182; x_wconf 89' lang='lat' dir='ltr'>et</span> <span class='ocrx_word' id='word_1_211' title='bbox 602 3131 679 3202; x_wconf 85' lang='lat' dir='ltr'>plus,</span> <span class='ocrx_word' id='word_1_212' title='bbox 703 3131 850 3184; x_wconf 87' lang='lat' dir='ltr'>desiderari</span> <span class='ocrx_word' id='word_1_213' title='bbox 870 3137 980 3186; x_wconf 88' lang='lat' dir='ltr'>tertium</span> <span class='ocrx_word' id='word_1_214' title='bbox 1003 3157 1057 3206; x_wconf 90' lang='lat' dir='ltr'>quo</span> <span class='ocrx_word' id='word_1_215' title='bbox 1081 3141 1257 3208; x_wconf 85' lang='lat' dir='ltr'>significetur,</span> 
     </span>
     <span class='ocr_line' id='line_1_27' title="bbox 231 3227 1274 3302; baseline -0.001 -21"><span class='ocrx_word' id='word_1_216' title='bbox 231 3243 281 3296; x_wconf 81' lang='lat' dir='ltr'>per</span> <span class='ocrx_word' id='word_1_217' title='bbox 298 3229 371 3298; x_wconf 90' lang='lat' dir='ltr'>quod</span> <span class='ocrx_word' id='word_1_218' title='bbox 386 3231 531 3299; x_wconf 85' lang='lat' dir='ltr'>plurimum</span> <span class='ocrx_word' id='word_1_219' title='bbox 555 3227 712 3294; x_wconf 80' lang='lat' dir='ltr'>transigant.</span> <span class='ocrx_word' id='word_1_220' title='bbox 741 3229 912 3281; x_wconf 84' lang='lat' dir='ltr'>Illud&#39;nibil</span> <span class='ocrx_word' id='word_1_221' title='bbox 941 3249 1025 3302; x_wconf 82' lang='lat' dir='ltr'>agens</span> <span class='ocrx_word' id='word_1_222' title='bbox 1047 3229 1274 3300; x_wconf 83' lang='lat' dir='ltr'>intelligendum&#39;</span> 
     </span>
     <span class='ocr_line' id='line_1_28' title="bbox 233 3321 1255 3392; baseline 0.002 -20"><span class='ocrx_word' id='word_1_223' title='bbox 233 3323 267 3372; x_wconf 80' lang='lat' dir='ltr'>«le</span> <span class='ocrx_word' id='word_1_224' title='bbox 287 3338 368 3392; x_wconf 88' lang='lat' dir='ltr'>opere</span> <span class='ocrx_word' id='word_1_225' title='bbox 388 3323 535 3374; x_wconf 88' lang='lat' dir='ltr'>domestico</span> <span class='ocrx_word' id='word_1_226' title='bbox 557 3325 585 3370; x_wconf 88' lang='lat' dir='ltr'>et</span> <span class='ocrx_word' id='word_1_227' title='bbox 602 3322 715 3386; x_wconf 82' lang='lat' dir='ltr'>agresti,</span> <span class='ocrx_word' id='word_1_228' title='bbox 745 3337 800 3371; x_wconf 88' lang='lat' dir='ltr'>uon</span> <span class='ocrx_word' id='word_1_229' title='bbox 831 3321 865 3372; x_wconf 89' lang='lat' dir='ltr'>de</span> <span class='ocrx_word' id='word_1_230' title='bbox 883 3330 989 3374; x_wconf 84' lang='lat' dir='ltr'>venatu.</span> <span class='ocrx_word' id='word_1_231' title='bbox 1029 3323 1083 3374; x_wconf 84' lang='lat' dir='ltr'>Sed</span> <span class='ocrx_word' id='word_1_232' title='bbox 1104 3338 1138 3374; x_wconf 77' lang='lat' dir='ltr'>cn</span> <span class='ocrx_word' id='word_1_233' title='bbox 1161 3339 1255 3376; x_wconf 85' lang='lat' dir='ltr'>receu-</span> 
     </span>
     <span class='ocr_line' id='line_1_29' title="bbox 231 3413 1254 3482; baseline 0.001 -14"><span class='ocrx_word' id='word_1_234' title='bbox 231 3416 349 3470; x_wconf 85' lang='lat' dir='ltr'>tioribur</span> <span class='ocrx_word' id='word_1_235' title='bbox 373 3415 457 3466; x_wconf 90' lang='lat' dir='ltr'>huius</span> <span class='ocrx_word' id='word_1_236' title='bbox 488 3413 642 3480; x_wconf 87' lang='lat' dir='ltr'>scriptionis</span> <span class='ocrx_word' id='word_1_237' title='bbox 669 3413 863 3482; x_wconf 87' lang='lat' dir='ltr'>interpretibus</span> <span class='ocrx_word' id='word_1_238' title='bbox 890 3416 968 3466; x_wconf 90' lang='lat' dir='ltr'>multi</span> <span class='ocrx_word' id='word_1_239' title='bbox 997 3417 1091 3468; x_wconf 90' lang='lat' dir='ltr'>dicunt</span> <span class='ocrx_word' id='word_1_240' title='bbox 1115 3417 1254 3470; x_wconf 86' lang='lat' dir='ltr'>Caesarem</span> 
     </span>
     <span class='ocr_line' id='line_1_30' title="bbox 232 3487 1253 3582; baseline 0.003 -22"><span class='ocrx_word' id='word_1_241' title='bbox 232 3509 412 3578; x_wconf 89' lang='lat' dir='ltr'>Tacitumque</span> <span class='ocrx_word' id='word_1_242' title='bbox 432 3507 536 3558; x_wconf 87' lang='lat' dir='ltr'>diversa</span> <span class='ocrx_word' id='word_1_243' title='bbox 553 3507 660 3560; x_wconf 81' lang='lat' dir='ltr'>tradere</span> <span class='ocrx_word' id='word_1_244' title='bbox 681 3509 715 3562; x_wconf 89' lang='lat' dir='ltr'>de</span> <span class='ocrx_word' id='word_1_245' title='bbox 740 3509 834 3561; x_wconf 87' lang='lat' dir='ltr'>eadem</span> <span class='ocrx_word' id='word_1_246' title='bbox 868 3527 895 3562; x_wconf 90' lang='lat' dir='ltr'>re</span> <span class='ocrx_word' id='word_1_247' title='bbox 922 3529 1018 3578; x_wconf 69' lang='lat' dir='ltr'>posset</span> <span class='ocrx_word' id='word_1_248' title='bbox 1042 3520 1154 3582; x_wconf 80' lang='lat' dir='ltr'>possunt</span> <span class='ocrx_word' id='word_1_249' title='bbox 1180 3487 1253 3574; x_wconf 82' lang='lat' dir='ltr'>sarie,</span> 
     </span>
     <span class='ocr_line' id='line_1_31' title="bbox 231 3603 1252 3676; baseline 0.001 -21"><span class='ocrx_word' id='word_1_250' title='bbox 231 3605 280 3656; x_wconf 80' lang='lat' dir='ltr'>red</span> <span class='ocrx_word' id='word_1_251' title='bbox 296 3603 370 3655; x_wconf 89' lang='lat' dir='ltr'>credi</span> <span class='ocrx_word' id='word_1_252' title='bbox 389 3603 486 3672; x_wconf 88' lang='lat' dir='ltr'>nequit</span> <span class='ocrx_word' id='word_1_253' title='bbox 506 3618 551 3654; x_wconf 91' lang='lat' dir='ltr'>eos</span> <span class='ocrx_word' id='word_1_254' title='bbox 568 3604 598 3654; x_wconf 90' lang='lat' dir='ltr'>in</span> <span class='ocrx_word' id='word_1_255' title='bbox 615 3605 665 3655; x_wconf 86' lang='lat' dir='ltr'>hac</span> <span class='ocrx_word' id='word_1_256' title='bbox 682 3621 724 3666; x_wconf 89' lang='lat' dir='ltr'>re,</span> <span class='ocrx_word' id='word_1_257' title='bbox 743 3621 812 3672; x_wconf 88' lang='lat' dir='ltr'>quae</span> <span class='ocrx_word' id='word_1_258' title='bbox 829 3614 885 3657; x_wconf 89' lang='lat' dir='ltr'>tam</span> <span class='ocrx_word' id='word_1_259' title='bbox 902 3607 983 3659; x_wconf 78' lang='lat' dir='ltr'>bacile</span> <span class='ocrx_word' id='word_1_260' title='bbox 1003 3607 1137 3676; x_wconf 81' lang='lat' dir='ltr'>explorari</span> <span class='ocrx_word' id='word_1_261' title='bbox 1153 3610 1252 3675; x_wconf 86' lang='lat' dir='ltr'>potuit,</span> 
     </span>
     <span class='ocr_line' id='line_1_32' title="bbox 232 3699 1253 3771; baseline 0.002 -20"><span class='ocrx_word' id='word_1_262' title='bbox 232 3699 336 3752; x_wconf 88' lang='lat' dir='ltr'>diversa</span> <span class='ocrx_word' id='word_1_263' title='bbox 354 3699 498 3750; x_wconf 78' lang='lat' dir='ltr'>rettulisse.</span> <span class='ocrx_word' id='word_1_264' title='bbox 532 3699 673 3752; x_wconf 84' lang='lat' dir='ltr'>Praeterea</span> <span class='ocrx_word' id='word_1_265' title='bbox 690 3700 923 3766; x_wconf 83' lang='lat' dir='ltr'>considerandum,</span> <span class='ocrx_word' id='word_1_266' title='bbox 944 3702 967 3754; x_wconf 89' lang='lat' dir='ltr'>si</span> <span class='ocrx_word' id='word_1_267' title='bbox 983 3721 1045 3758; x_wconf 85' lang='lat' dir='ltr'>non.</span> <span class='ocrx_word' id='word_1_268' title='bbox 1056 3705 1167 3756; x_wconf 85' lang='lat' dir='ltr'>multum</span> <span class='ocrx_word' id='word_1_269' title='bbox 1180 3701 1253 3771; x_wconf 86' lang='lat' dir='ltr'>apud</span> 
     </span>
     <span class='ocr_line' id='line_1_33' title="bbox 232 3783 1256 3865; baseline 0.005 -22"><span class='ocrx_word' id='word_1_270' title='bbox 232 3793 357 3844; x_wconf 88' lang='lat' dir='ltr'>Tacitum</span> <span class='ocrx_word' id='word_1_271' title='bbox 374 3792 510 3860; x_wconf 87' lang='lat' dir='ltr'>legamus,</span> <span class='ocrx_word' id='word_1_272' title='bbox 529 3799 585 3846; x_wconf 90' lang='lat' dir='ltr'>tum</span> <span class='ocrx_word' id='word_1_273' title='bbox 606 3811 676 3856; x_wconf 88' lang='lat' dir='ltr'>eum,</span> <span class='ocrx_word' id='word_1_274' title='bbox 695 3783 742 3865; x_wconf 82' lang='lat' dir='ltr'>qrii</span> <span class='ocrx_word' id='word_1_275' title='bbox 763 3796 878 3862; x_wconf 86' lang='lat' dir='ltr'>primum</span> <span class='ocrx_word' id='word_1_276' title='bbox 899 3796 932 3844; x_wconf 90' lang='lat' dir='ltr'>de</span> <span class='ocrx_word' id='word_1_277' title='bbox 951 3797 1144 3849; x_wconf 85' lang='lat' dir='ltr'>Germanorum</span> <span class='ocrx_word' id='word_1_278' title='bbox 1170 3799 1256 3848; x_wconf 66' lang='lat' dir='ltr'>mori-³</span> 
     </span>
     <span class='ocr_line' id='line_1_34' title="bbox 233 3887 1251 3958; baseline 0.003 -21"><span class='ocrx_word' id='word_1_279' title='bbox 233 3889 283 3938; x_wconf 91' lang='lat' dir='ltr'>bus</span> <span class='ocrx_word' id='word_1_280' title='bbox 299 3887 440 3955; x_wconf 88' lang='lat' dir='ltr'>exposuit,</span> <span class='ocrx_word' id='word_1_281' title='bbox 461 3903 547 3950; x_wconf 69' lang='lat' dir='ltr'>uera,</span> <span class='ocrx_word' id='word_1_282' title='bbox 565 3888 692 3950; x_wconf 89' lang='lat' dir='ltr'>alterum,</span> <span class='ocrx_word' id='word_1_283' title='bbox 715 3889 762 3956; x_wconf 86' lang='lat' dir='ltr'>qui</span> <span class='ocrx_word' id='word_1_284' title='bbox 781 3889 873 3940; x_wconf 88' lang='lat' dir='ltr'>multis</span> <span class='ocrx_word' id='word_1_285' title='bbox 891 3889 968 3938; x_wconf 88' lang='lat' dir='ltr'>anuis</span> <span class='ocrx_word' id='word_1_286' title='bbox 986 3896 1048 3957; x_wconf 81' lang='lat' dir='ltr'>post</span> <span class='ocrx_word' id='word_1_287' title='bbox 1073 3889 1143 3940; x_wconf 86' lang='lat' dir='ltr'>idem</span> <span class='ocrx_word' id='word_1_288' title='bbox 1171 3905 1251 3958; x_wconf 87' lang='lat' dir='ltr'>argu·</span> 
     </span>
     <span class='ocr_line' id='line_1_35' title="bbox 232 3968 1253 4052; baseline -0.001 -19"><span class='ocrx_word' id='word_1_289' title='bbox 232 3987 351 4033; x_wconf 84' lang='lat' dir='ltr'>mentum</span> <span class='ocrx_word' id='word_1_290' title='bbox 372 3981 514 4043; x_wconf 84' lang='lat' dir='ltr'>tractavit,</span> <span class='ocrx_word' id='word_1_291' title='bbox 533 3982 635 4052; x_wconf 86' lang='lat' dir='ltr'>quique</span> <span class='ocrx_word' id='word_1_292' title='bbox 653 3968 768 4032; x_wconf 80' lang='lat' dir='ltr'>certior&#39;a</span> <span class='ocrx_word' id='word_1_293' title='bbox 786 3985 880 4032; x_wconf 79' lang='lat' dir='ltr'>afferre</span> <span class='ocrx_word' id='word_1_294' title='bbox 908 3982 1012 4048; x_wconf 89' lang='lat' dir='ltr'>potuit,</span> <span class='ocrx_word' id='word_1_295' title='bbox 1043 3989 1088 4033; x_wconf 83' lang='lat' dir='ltr'>aut</span> <span class='ocrx_word' id='word_1_296' title='bbox 1110 3983 1176 4034; x_wconf 82' lang='lat' dir='ltr'>salsa</span> <span class='ocrx_word' id='word_1_297' title='bbox 1203 3990 1253 4032; x_wconf 82' lang='lat' dir='ltr'>aut</span> 
     </span>
     <span class='ocr_line' id='line_1_36' title="bbox 234 4068 1252 4143; baseline -0.003 -19"><span class='ocrx_word' id='word_1_298' title='bbox 234 4089 279 4134; x_wconf 83' lang='lat' dir='ltr'>ea,</span> <span class='ocrx_word' id='word_1_299' title='bbox 311 4091 379 4142; x_wconf 82' lang='lat' dir='ltr'>quae</span> <span class='ocrx_word' id='word_1_300' title='bbox 398 4073 496 4124; x_wconf 77' lang='lat' dir='ltr'>nnllam</span> <span class='ocrx_word' id='word_1_301' title='bbox 515 4075 716 4143; x_wconf 88' lang='lat' dir='ltr'>probabilitatis</span> <span class='ocrx_word' id='word_1_302' title='bbox 744 4075 860 4141; x_wconf 83' lang='lat' dir='ltr'>speciem</span> <span class='ocrx_word' id='word_1_303' title='bbox 893 4073 1007 4137; x_wconf 85' lang='lat' dir='ltr'>babeat,</span> <span class='ocrx_word' id='word_1_304' title='bbox 1034 4091 1162 4128; x_wconf 82' lang='lat' dir='ltr'>narrasse.</span> <span class='ocrx_word' id='word_1_305' title='bbox 1200 4068 1252 4122; x_wconf 82' lang='lat' dir='ltr'>Alii</span> 
     </span>
    </p>
   </div>
   <div class='ocr_carea' id='block_1_5' title="bbox 0 0 1462 4728">
    <p class='ocr_par' dir='ltr' id='par_1_7' title="bbox 0 0 1462 4728">
     <span class='ocr_line' id='line_1_37' title="bbox 0 0 1462 4728; baseline 0 0"><span class='ocrx_word' id='word_1_306' title='bbox 0 0 1462 4728; x_wconf 95' lang='lat' dir='ltr'> </span> 
     </span>
    </p>
   </div>
  </div>
 </body>
</html>
