2912 4730
247 451 306 516 148
622 447 904 512 lllSTORlAllUM

86 637 112 706 (a
127 633 155 688 C.
176 635 211 704 69
221 634 235 703 )¹
245 633 413 713 aquilarum
434 635 653 716 signorumque
674 631 767 692 ordo:
801 633 911 693 milites
943 633 1025 693 mixti
1047 654 1101 717 per
1124 630 1276 703 tenebras,

246 751 280 800 ut
303 741 366 799 fors
387 739 520 816 tulerat;
545 739 767 820 praetorianum
784 735 926 798 vexillum
940 739 1109 818 proximum
1129 737 1278 808 tertianis,

245 846 387 907 cohortes
409 841 589 904 auxiliorum
612 847 642 902 in
673 843 837 919 cornibus,
869 842 967 904 latera
997 863 1032 902 ac
1059 852 1144 924 terga
1176 843 1279 922 equite

246 951 429 1013 circumdata
447 973 456 1028 ς
479 950 552 1010 sido
574 959 665 1030 atque
686 950 808 1010 Italicus
828 949 922 1010 Suevi
943 967 1010 1008 cum
1034 947 1156 1008 delectis
1175 969 1279 1030 popu-

246 1060 355 1121 larium
378 1059 506 1140 primori
528 1058 556 1116 iu
579 1059 642 1117 acie
660 1059 874 1118 versabantur.
918 1059 955 1118 At
976 1055 1158 1116 Vitellianus
1180 1034 1347 1116 'exer-bib

248 1169 335 1242 citos,
355 1166 404 1225 cui
425 1165 611 1244 acquiescere
632 1164 798 1223 Cremonae
818 1175 847 1224 et
869 1163 1047 1245 reciperatis
1067 1163 1136 1223 cibo
1157 1181 1279 1222 somno·

247 1293 307 1352 que
328 1271 442 1330 viribus
462 1272 638 1330 conlectum
660 1267 763 1349 algore
783 1279 877 1351 atque
900 1269 1001 1329 inedia
1024 1267 1139 1329 hostem
1159 1277 1282 1350 postera

248 1380 298 1438 die
317 1378 479 1459 prolligare
500 1396 533 1434 ac
555 1395 702 1455 proruere
721 1375 798 1434 ratio
813 1375 881 1450 fuit,
903 1375 1030 1455 indigus·
1042 1373 1181 1449 rectoris,
1194 1375 1282 1454 inops

249 1485 383 1560 consilii,
404 1483 491 1543 tertia
510 1481 607 1540 ferme
625 1480 723 1540 noctis
744 1481 818 1540 hora
840 1481 953 1561 paratis
987 1482 1047 1541 iam
1074 1479 1282 1562 dispositisque

248 1593 400 1652 Flavianis
418 1578 608 1671 impingitur.
651 1588 803 1649 Ordinem
823 1589 948 1668 agminis
983 1587 1097 1648 disiecti
1122 1609 1176 1670 per
1207 1588 1330 1648 iramto

249 1719 285 1756 ac
304 1695 442 1756 tenebras
466 1717 636 1757 asseverare
657 1717 717 1756 nou
739 1695 856 1774 ausim,
877 1717 1053 1778 quanquam
1075 1693 1127 1755 alii
1148 1691 1283 1757 tradide·

249 1805 309 1864 rint
333 1813 469 1884 quartam
490 1803 719 1865 Macedonicam
739 1801 846 1862 dextro
863 1823 989 1862 suorum
1014 1787 1285 1885 cornu,*quintam

249 1919 285 1975 et·
301 1913 435 1990 quintam
456 1909 614 1970 decumam
636 1929 706 1969 cum
727 1909 846 1971 vexillis
878 1931 979 1970 nonae
1011 1911 1222 1992 secundaeque
1254 1911 1285 1971 et'

248 2017 405 2082 vicesimae
423 2018 670 2113 'Britannicarum
691 2016 844 2098 legionum
874 2000 1004 2078 mediam
1034 2018 1151 2094 aciem,
1184 2027 1283 2078 sexta-

248 2123 428 2189 decumauos
451 2124 801 2206 duoetvicesimanosque
822 2131 851 2184 et
871 2125 1024 2206 primanos
1047 2125 1166 2186 laevum
1187 2121 1334 2184 cornu15

249 2237 428 2316 complesse.
473 2231 609 2314 Rapaces
640 2242 731 2314 atque
758 2231 853 2294 italici
883 2231 1025 2293 omnibus
1059 2253 1091 2293 se
1123 2233 1283 2315 manipulis

144 2345 145 2352 ’
249 2343 442 2412 miscuerant.
483 2335 583 2422 Eques
596 2340 765 2423 auxiliaque
779 2341 838 2402 sibi
850 2333 1020 2422 ipsi'locum
1033 2337 1142 2420 legere.
1186 2341 1283 2402 Prae·

250 2449 324 2509 lium
346 2461 409 2528 tota
429 2458 517 2508 nocte
538 2452 658 2510 varium
678 2471 787 2530 anceps
808 2459 914 2525 atrox,
939 2447 999 2517 hir,
1022 2425 1128 2508 rursus
1149 2447 1208 2510 illis
1221 2451 1283 2510 exi-

250 2560 364 2619 tiabile.
407 2555 488 2618 Nihil
511 2559 626 2616 animus
647 2565 698 2616 aut
719 2577 834 2632 manus,
859 2577 897 2616 ne
916 2557 996 2616 oculi
1013 2554 1136 2638 quidem
1159 2556 1282 2635 provisu

250 2667 409 2726 iuvabant.
450 2663 566 2724 Eadem
588 2673 718 2746 utraque
741 2667 806 2724 acie
827 2658 951 2741 arma,
969 2665 1084 2725 crebris
1113 2663 1337 2744 interroga-uo

248 2754 385 2833 tionibus
405 2781 512 2832 uotum
532 2791 650 2854 pugnae
672 2773 811 2854 signum3
835 2771 984 2853 permixta
1006 2769 1125 2846 vexilla,
1147 2779 1183 2830 ut
1199 2770 1282 2851 quis·-

250 2899 312 2962 que
334 2879 442 2962 globus
463 2887 550 2960 captu
571 2901 606 2939 ex
629 2879 764 2940 hostibus
784 2877 846 2940 huc
866 2879 916 2940 vel
936 2878 1010 2941 illuc
1033 2879 1182 2961 raptabat.
1215 2877 1282 2938 Ur·

252 2985 380 3068 gebatur
397 2987 525 3046 maxime
546 2989 672 3067 septima
694 2985 791 3068 legio,
812 3007 907 3070 nuper
929 3011 946 3048 a
971 2985 1069 3048 Galba
1097 2985 1281 3066 conscripta.

254 3094 353 3154 Occisi
374 3114 423 3154 sex
443 3093 615 3174 primorum
629 3089 776 3154 'ordinum
804 3095 1007 3172 centuriones,
1037 3095 1163 3175 abrepta
1190 3085 1304 3176 quaes

253 3201 324 3262 dam
342 3201 444 3282 signa:
469 3203 563 3282 ipsam
581 3199 715 3282 aquilam
738 3201 851 3264 Atilius
874 3203 975 3264 Verus
1003 3201 1151 3282 primipili
1179 3192 1338 3260 centu-25

161 3368 163 3374 ,
254 3309 302 3368 rlo
320 3307 419 3370 multa
448 3327 518 3368 cum
547 3308 680 3372 hostium
709 3319 807 3392 strage
836 3319 865 3367 et
893 3307 932 3366 ad
959 3315 1124 3367 extremum
1155 3309 1289 3368 morlens

255 3423 436 3474 servaverat.
479 3413 628 3476 Sustinuit
649 3414 799 3478 labantem
817 3415 911 3472 aciem
923 3413 1069 3474 Antonius
1083 3414 1184 3474 accitis
1195 3432 1287 3494 prae·
1298 3395 1356 3477 23

200 3574 203 3579 .
255 3519 394 3580 torianis.
437 3519 501 3600 Qui
522 3521 575 3583 ubi
595 3543 738 3606 excepere
759 3539 907 3602 pugnam,
928 3518 1044 3610 pellunt
1064 3519 1190 3598 hostem,
1214 3519 1286 3582 dein

255 3625 421 3706 pelluntur.
464 3627 603 3712 Namque
623 3624 778 3688 Vitelliani
799 3635 951 3685 tormenta
982 3625 1013 3685 iu
1047 3648 1189 3710 aggerem
1220 3628 1287 3688 viae

255 3732 465 3810 contulerant,
503 3745 540 3795 ut
571 3732 632 3792 tela
668 3749 765 3790 vacuo
801 3740 890 3811 atque
924 3740 1032 3812 aperto
1068 3741 1286 3805 excuterentur,
1298 3744 1341 3804 50

257 3835 390 3919 dispersa
413 3841 512 3920 primo
534 3849 563 3898 et
584 3834 715 3896 arbustis
737 3836 801 3898 siue
821 3835 953 3898 hostium
988 3859 1066 3902 noxa
1088 3841 1176 3902 illisa.
1220 3838 1285 3898 Ma·

259 3980 557 3998 wau—-

336 4046 375 4093 15.
395 4055 506 4090 coruum
525 4036 584 4095 Ma,
606 4045 633 4087 ut
651 4038 693 4090 23.
713 4059 799 4111 nrrprr
820 4040 927 4111 cclgclra
949 4041 1028 4098 tuem.
1077 4064 1080 4074 ·
