2886 4726
1424 115 1425 160 r

233 379 296 454 eol
357 335 359 342 ¹
539 345 542 348 ’
611 349 906 448 'nrsronuuuu
1123 395 1166 414 ··

70 565 97 632 (²
120 564 150 618 C·
163 541 352 634 Gothosritia
374 586 464 628 ausus
484 563 668 628 Galanarum
690 559 912 648 expedltionum
933 559 1122 625 ludibrium·
1136 565 1261 642 impune

56 663 66 675 ’
120 745 131 751 ὴ
233 649 400 756 spreverat.
454 663 548 756 igitur
576 676 640 756 ipso
663 671 784 736 rebellis
812 671 1091 734 semiliae'uomine
1122 669 1259 751 placuit,

232 776 447 865 Impositusque
462 793 545 844 scuto
567 803 652 844 more
672 781 769 864 gentis
790 793 821 843 et
839 766 1048 842 sustinentium
1065 777 1200 841 humeris
1220 777 1259 838 vi·

233 889 339 951 bratus
365 891 424 952 dux
445 891 601 975 deligitur.
643 889 812 972 Statimque
830 889 935 952 acuitis
956 887 1061 948 Frisiis
1089 885 1257 966 (transrhe-

234 1016 313 1056 nana
340 1017 412 1078 gens
434 1001 487 1074 est)
513 997 645 1058 duarum
666 997 847 1058 cohortium
868 991 996 1057 hiberna
1012 992 1182 1074 ,proxima
1202 1015 1286 1076 oc-.5

234 1113 373 1184 cupatu,
406 1083 715 1185 Oceanoirrumpit.
766 1105 828 1166 Nec
858 1101 1073 1184 praeviderant
1112 1100 1255 1182 impetum

233 1208 365 1270 hostium
387 1209 513 1288 milites,
537 1231 611 1288 nec,
631 1187 667 1269 si*
676 1209 907 1290 praevidissent,
931 1209 1134 1272 satia‘virium
1154 1208 1193 1268 ad
1208 1229 1257 1268 ar-

234 1315 365 1376 cendum
386 1325 461 1378 erat.
506 1313 714 1398 Captaigitur
729 1323 761 1374 ct
782 1313 900 1394 direpta
917 1324 1027 1375 castra.
1068 1313 1147 1372 Dein
1167 1312 1256 1394 tagus

234 1433 267 1484 et
296 1424 386 1506 pacis·
406 1422 497 1484 modo
519 1399 628 1484 effusos
647 1420 721 1481 lixas
748 1419 1013 1504 negotiatoresque
1034 1401 1183 1482 humanos
1207 1419 1256 1479 in'-

232 1529 359 1590 vadunt.
402 1531 497 1592 Simul
516 1528 637 1591 excltliis
667 1525 859 1588 castellorum
888 1525 1116 1615 imminebant3=
1134 1551 1212 1612 quae
1238 1553 1307 1614 am

231 1623 390 1718 praefectio
417 1622 586 1698 cohortium
618 1635 739 1696 incensa
769 1643 862 1712 suut,
895 1635 973 1718 quia
997 1635 1120 1722 defendi
1151 1642 1256 1722 nequi·

150 1777 164 1796 .·
230 1744 314 1807 hant.
356 1721 447 1826 Signa
462 1743 629 1825 vexillaque
653 1746 683 1804 ct
696 1740 779 1825 quod
799 1739 930 1802 militum
954 1741 986 1802 in
1005 1745 1187 1824 superiorem
1207 1750 1256 1806 in.

198 1867 200 1869 ’
230 1854 314 1916 sulae
331 1864 449 1936 partem
470 1831 707 1934 congregantur,
733 1850 811 1912 duce
832 1849 952 1932 Aquilio
977 1829 1173 1933 primipilari,
1202 1875 1256 1916 no-

230 1937 300 2022 meu
318 1961 413 2044 magis
435 1965 583 2020 exercitus
603 1979 694 2040 quam
714 1958 810 2019 robur
826 1967 851 2018 a
870 1960 983 2040 quippe
1002 1959 1119 2020 viribus
1142 1960 1252 2024 eohor-

229 2072 308 2132 tium
337 2067 476 2130 abductis
505 2065 647 2127 Vitellius
678 2068 857 2154 aproximis
881 2065 1301 2144 Nerviorumssermano-,5

209 2163 212 2169 .
230 2197 361 2259 rumque
380 2174 462 2256 pagis
483 2195 603 2257 segnem
623 2171 783 2238 numerum
802 2178 895 2237 armis
914 2184 1104 2236 oneraverat.
1148 2175 1250 2236 Civilis
1264 2183 1320 2260 16

177 2349 179 2356 χ
230 2283 300 2344 dolo
322 2282 514 2364 grassandum
535 2295 617 2345 ratus
637 2279 783 2346 incusavit
806 2283 890 2344 ultro
911 2283 1077 2364 praefectos
1098 2283 1185 2364 quorl·
1201 2305 1252 2344 ca·

230 2384 315 2451 stella
336 2385 551 2449 deseruissent:
577 2412 608 2450 se
631 2413 701 2452 cum
721 2375 866 2468 cohorte,
887 2389 939 2449 cui
959 2401 1117 2471 praeerat,
1139 2389 1252 2450 Canni·

229 2497 361 2556 nesatem
377 2494 548 2554 tumultum.
563 2517 822 2578 compressurum,
845 2493 889 2554 illi
911 2515 964 2555 sua
987 2497 1112 2578 quisque
1124 2495 1249 2556 hiberna

230 2609 412 2684 repeterent.
453 2602 577 2664 Subesse
597 2604 739 2666 fraudem
761 2599 884 2662 consilio
916 2611 947 2662 et
968 2602 1115 2685 dispersus
1138 2603 1299 2687 cohor-,0

229 2717 276 2768 tes
297 2707 412 2770 facilius
434 2709 582 2792 opprimi,
611 2730 667 2772 uec
686 2713 870 2770 Brinnonem
889 2705 996 2770 ducem
1020 2711 1082 2771 eius
1101 2709 1176 2772 belli
1195 2711 1247 2772 sed

229 2813 356 2876 Civilem
377 2837 440 2878 esse
462 2819 579 2898 patuit,
604 2815 830 2897 erumpentibus
850 2814 997 2897 paulatim
1017 2819 1146 2887 indiciis,
1168 2838 1246 2900 quae

230 2919 397 3000 Germani,
426 2921 503 2984 laeta
525 2922 603 2983 bello
624 2943 713 3002 gens,
739 2941 800 2980 non
822 2920 876 2982 diu
897 2905 1135 2986 occultaverant.
1185 2925 1246 2986 Ubi
1281 2993 1287 3006 ι

161 3041 162 3049 ’
227 3027 354 3089 insidiae
379 3051 483 3108 parurn
510 3048 647 3103 cessere,
671 3025 710 3086 ad
731 3017 791 3086 viui
811 3039 1012 3112 transgressus
1033 3031 1245 3093 Canninefates

227 3135 342 3195 Frisios
361 3135 487 3220 Batavos
508 3133 639 3215 propriis
661 3135 761 3195 cuneis
778 3139 942 3218 componit.
989 3125 1112 3199 Directa
1140 3160 1176 3201 ex
1197 3137 1296 3224 di·25

227 3262 317 3302 verso
339 3242 417 3301 acies
440 3241 521 3300 haud
542 3239 645 3320 procul
666 3261 683 3299 a
705 3239 828 3303 flumine
848 3243 973 3319 Rheno,
1003 3254 1033 3303 et
1057 3245 1196 3306 ohversis
1215 3244 1252 3304 iu·
1282 3315 1286 3327 .

227 3347 342 3410 hostem
365 3348 508 3422 navibus,
544 3367 618 3428 quas
648 3349 776 3411 incensis
807 3348 936 3410 castellis
955 3348 1027 3412 illuo
1046 3349 1242 3440 appulerant.
1270 3341 1276 3353 ’

227 3465 467 3480 Μ

315 3536 338 3570 2.
357 3521 464 3572 nomirze
484 3518 608 3588 Lipsiusz
625 3520 699 3572 utta
716 3521 840 3584 homine,
856 3519 980 3592 plerique
997 3523 1094 3576 omine.

221 3604 224 3612 ’
317 3615 343 3664 3.
361 3617 477 3677 umeris,
496 3619 524 3666 et
541 3631 565 3682 7.
581 3616 765 3684 providissent
781 3616 833 3693 Mi.

253 3695 255 3700 ’
315 3708 338 3758 5.
354 3709 482 3776 proxima
509 3701 639 3782 occupatu
668 3711 789 3780 Lipsius:
817 3690 860 3762 Me
887 3714 1013 3783 proxima
1038 3705 1177 3781 occupata.
1212 3739 1270 3754 --·ι

229 3803 328 3854 Brinno
349 3802 443 3854 Frisiis
461 3807 526 3858 mari
547 3809 629 3875 (terra
647 3810 764 3858 intutum
782 3809 849 3874 erat)
865 3809 956 3858 accitis
976 3807 1095 3874 proxima
1114 3809 1260 3858 Romnum

231 3915 286 3950 rum
308 3904 391 3949 castra
410 3899 515 3951 Oceano
535 3905 661 3971 ingruens
682 3899 793 3952 invadit.
852 3915 854 3924 ¹

297 3993 336 4044 25.
354 3991 464 4047 derecta
480 3995 530 4047 ΜΒ.
614 4042 616 4046 .
657 4042 660 4048 .
