2912 4730
75 495 77 502 Α
137 440 142 446 ,
215 408 255 480 ut
554 458 559 468 ..
596 407 907 494 ntsrnnnnnn

55 590 126 658 (nc.
146 590 202 662 69.)
214 582 279 648 trite
299 587 434 672 deterriti
458 598 535 646 snm.
579 587 624 648 Eu
646 590 757 648 strictis
789 585 984 646 mucronibus
1013 581 1114 644 redire
1141 579 1243 663 pulsos

213 704 244 754 et
261 716 393 776 pugnam
413 715 568 794 resumere
584 697 691 776 coegit.
731 695 886 776 Disposite
896 691 1128 754 Vitellianarum
1150 691 1244 770 legio·

125 789 133 820 l
213 825 285 864 num
321 805 400 866 unies
431 779 495 864 sirie
526 802 743 884 trepidatione:
775 804 903 882 etenim,
936 821 1110 884 quanquam
1143 801 1243 860 vicino

125 913 127 917 ‘
214 910 318 985 busto,
355 920 491 990 aspectus
523 925 678 970 armorum
715 909 814 981 densis
849 909 981 970 arbustis
1012 906 1244 990 prohibebatur.
1332 958 1339 968 .

215 1009 306 1096 Apud
338 1008 528 1076 Othonianos
558 1013 659 1096 pavidi
691 1013 801 1088 duces,
829 1013 915 1076 miles
945 1014 1072 1075 ducibus
1100 1010 1277 1088 infensus‚5

196 1122 306 1184 'mixta
328 1119 468 1183 vehicula
489 1119 633 1196 etlinun,
664 1129 694 1178 et
724 1119 893 1200 praeruptis
916 1121 1067 1200 utrinque
1088 1118 1176 1178 fossis
1198 1117 1248 1176 via

215 1225 318 1308 quieto
345 1247 471 1310 ¹¹qtroque
504 1229 628 1308 ugrnini
651 1237 785 1306 augusto.
830 1228 1058 1290 Circumcistere
1085 1225 1137 1287 alii
1165 1228 1250 1306 signe

215 1355 289 1408 suo,
312 1351 458 1413 quaerere
478 1333 552 1410 alii3
578 1335 716 1392 incertus
731 1332 866 1414 undique
888 1335 1004 1395 clamor
1024 1335 1251 1394 accurrentium

216 1443 436 1515 uouituntinm3
461 1445 490 1494 et
514 1445 548 1495 ut
569 1438 679 1518 cuique
691 1437 817 1502 oudueie
839 1440 887 1500 rel
907 1437 1054 1520 formido,
1074 1437 1105 1498 in
1120 1439 1250 1519 primum

218 1542 546 1628 postremamveaoiem
566 1545 807 1626 prorumpe-bant
822 1557 875 1609 aut
890 1545 1117 1612 relabebantur·
1161 1545 1317 1629 Atto-Q
1444 1625 1445 1632 ἵ

158 1665 163 1678 ’
219 1657 297 1718 nites
320 1652 420 1720 subito
439 1661 556 1710 terrore
577 1661 693 1712 mentes
715 1651 823 1720 salsum
843 1654 987 1736 goudium
1017 1653 1048 1714 iu
1077 1653 1251 1734 languorem

218 1763 330 1834 vertit,
353 1759 484 1840 repertis
508 1760 561 1839 qui
582 1757 741 1822 descivisse
771 1782 789 1822 a
809 1759 934 1825 Vitellio
961 1761 1127 1822 exercitum
1149 1779 1253 1822 emen-

204 1869 360 1932 ”u'reutun
403 1869 432 1931 ls
453 1885 562 1930 rumor
575 1911 580 1919 .
592 1866 631 1926 ab
652 1849 893 1948 exploratoribus
911 1867 1026 1930 Vitellii
1046 1853 1194 1951 dispersos
1214 1885 1254 1928 en

219 1978 250 2039 io
272 1976 337 2058 ipsa
357 1962 489 2046 Otlionis
510 1983 596 2053 parte
620 1994 671 2034 sen
694 1975 765 2036 dolo
784 1995 838 2036 seu
859 1975 940 2036 forte
955 1979 1126 2049 surrexerit,
1147 1995 1253 2058 perum

220 2093 418 2166 compertum.
461 2082 583 2142 Omiaso
604 2101 723 2164 pugnae
744 2082 858 2144 ardore
878 2083 1048 2154 Othoniani
1067 2081 1149 2144 ultro
1170 2081 1301 2150 salu-15

220 2202 342 2269 tevere3
364 2198 395 2250 et
406 2189 509 2250 hostili
521 2211 675 2252 murmure
687 2192 813 2272 excepti,
833 2189 985 2274 plerisque
1003 2207 1126 2254 suuntur
1141 2192 1251 2276 ignaris

222 2317 300 2379 quoe
323 2309 418 2360 [seusa
446 2295 597 2360 salutandi
612 2308 770 2382 ‚metum
797 2297 983 2382 proditionis
1011 2301 1116 2364 fecere.
1170 2303 1251 2366 Tum
1274 2315 1280 2324 '

222 2402 361 2472 incubuit
380 2385 515 2466 hostium
534 2405 632 2480 acies,
655 2407 782 2488 integris
803 2405 987 2485 ordinibus,
1008 2409 1121 2472 robore
1141 2419 1171 2473 et
1192 2432 1251 2471 nn-

222 2487 308 2570 mero
328 2510 554 2588 praestantior.
579 2512 767 2590 Othoniani,
789 2533 963 2594 quanquam
985 2514 1107 2599 dispersi
1129 2519 1252 2600 paucio·

223 2639 270 2680 res
294 2615 386 2694 fessi,
408 2617 555 2716 praelium
577 2629 676 2680 temen
698 2622 806 2680 acriter
824 2641 986 2703 sumpsero.
1029 2625 1070 2686 Et
1091 2645 1144 2706 per
1172 2625 1251 2688 locos
1266 2638 1307 2683 oo

224 2722 385 2790 arboribus
403 2725 543 2784 aevineis
565 2725 727 2807 impeditos
747 2747 807 2788 non
828 2747 887 2788 nnn
898 2749 1016 2810 pugnae
1036 2730 1144 2792 faciest
1169 2751 1251 2792 com·

224 2834 325 2896 miuus
348 2831 462 2893 eminus
483 2833 626 2896 catervis
631 2845 660 2896 et
684 2839 785 2896 cuneis
815 2834 1046 2900 concurrebant.
1079 2841 1122 2901 ln
1145 2861 1252 2922 aggere

225 2939 292 2999 uiso
314 2936 424 2999 collato
442 2937 540 3020 gradu
562 2941 739 3021 corporibus
772 2950 801 3003 et
831 2946 1008 3007 umbonibus
1041 2948 1096 3010 ortt
1104 2993 1115 3024 ‚
1145 2951 1252 3010 omisso

225 3044 359 3126 pilorum
380 3047 461 3108 iactu
482 3047 587 3129 gladiis
602 3057 643 3110 et
671 3052 827 3114 securibus
853 3054 953 3136 galeas
985 3054 1155 3137 loricasque
1183 3077 1254 3138 per-

226 3173 389 3235 rumperet
413 3168 569 3220 noscentes
590 3159 671 3220 inter
691 3181 734 3239 se,
756 3163 861 3224 ceteris
877 3164 1041 3247 conspicui,
1063 3166 1094 3224 in
1113 3175 1252 3226 eventum
1266 3169 1304 3232 25

227 3259 321 3346 totins
342 3259 414 3321 belli
436 3267 601 3335 certabunt.
642 3267 738 3333 Forte
755 3273 835 3334 inter
845 3271 963 3338 Padum
978 3274 1118 3350 viamque
1138 3273 1252 3352 patenti
1265 3267 1336 3350 43

228 3385 338 3446 eampo
362 3365 439 3429 duae
460 3371 590 3453 legiones
612 3395 790 3460 congressas
816 3388 905 3460 sunt3
926 3397 982 3459 pru
1004 3373 1128 3440 Vitellio
1148 3383 1253 3453 unaet-

319 3536 340 3572 ι.
365 3535 398 3574 ea
421 3523 527 3576 strictis
553 3523 713 3586 Rhenanuss
740 3525 784 3579 Ml
808 3543 836 3584 et
862 3529 991 3586 astrictis.
1026 3530 1099 3586 Deio
1124 3533 1148 3586 3.
1179 3529 1253 3584 acies

228 3613 349 3683 Lipsius:
367 3615 427 3668 aeis
447 3619 480 3684 B,
499 3637 568 3676 arae
584 3621 638 3676 Ma.
732 3650 736 3658 s

312 3759 338 3810 9.
355 3743 537 3798 oscitantium
553 3744 683 3802 Picheua':
713 3705 888 3804 dimensium
909 3747 963 3806 Ml.
995 3751 1066 3806 Tum
1095 3749 1254 3808 relabebar·
1300 3769 1318 3784 ““

228 3849 274 3890 tur
291 3835 342 3887 Ma.

303 3933 341 3988 15·
359 3933 455 3987 omisso
474 3935 519 3988 Ma
530 3975 544 4019 ‚K
555 3943 583 3987 et
601 3935 641 4005 nlp
658 3935 794 4006 gladibus.

299 4043 340 4098 ²7·
358 4031 609 4101 unaetvicensima
625 4029 684 4092 Ma,
703 4038 730 4083 et
746 4047 773 4100 Ρ.
786 4033 829 4103 95,
840 4037 862 4090 3.
877 4053 952 4092 ursae
961 4051 987 4092 et
995 4035 1251 4095 vt'eensirrun'orum.
1328 4085 1331 4090 .

905 4257 913 4286 1
