2886 4726
499 435 937 540 unlustau-ut.
1161 475 1219 538 ur
1276 555 1284 572 .
1340 531 1343 538 .
1435 447 1436 458 '

29 693 31 703 .
112 723 118 733 N
195 641 341 720 Victore,
364 646 475 705 sororis
494 666 566 706 cuae
586 645 665 724 filio,
693 645 829 708 ducibus.
878 645 1014 726 Rapiuut
1034 648 1066 708 in
1089 653 1218 712 transitu
1231 653 1259 722 (ι
1275 651 1305 706 C·
1324 649 1380 720 ὅθ’)

94 793 98 802 ,
193 749 334 809 Hiberna
355 751 419 812 alae
436 753 606 834 Asciburgii
626 753 705 832 siler
727 753 863 834 adeoque
882 739 1041 834 improvisi
1052 767 1150 818 castra
1171 756 1235 816 iu.'

195 855 360 944 volavero,
373 859 416 920 ‘ut
438 867 499 920 uon
522 859 662 944 adloqui,
683 881 743 920 nou
765 861 905 943 pandere.
921 863 1015 922 eciem
1035 863 1154 924 Vocula
1166 883 1222 946 pu·

194 965 298 1024 tuerit.
347 965 383 1026 Id
408 965 528 1046 solum,
557 979 592 1028 ut
625 969 655 1026 in
682 969 836 1044 tumultu,
866 969 1002 1046 monuit,
1038 967 1222 1054 subsignano

166 1068 288 1132 5milite
319 1073 418 1133 media
444 1075 579 1136 firmare.
625 1073 753 1134 ¹Auxilia
782 1077 892 1156 passim
923 1076 1107 1137 circumfusa
1137 1089 1219 1138 sunt.

193 1175 296 1257 Eques
316 1183 479 1262 prorupit,
505 1191 707 1264 exceptusque
728 1181 902 1262 compositis
914 1180 1050 1242 ho'stium
1064 1182 1221 1244 ordinibus

141 1317 147 1330 ι
191 1267 275 1363 targa
296 1286 328 1344 in
350 1307 420 1346 suos
440 1291 540 1348 vertit.
584 1287 696 1348 Caedes
709 1287 791 1366 inde,
812 1309 872 1348 nou
886 1287 1047 1370 praelium.
1088 1291 1132 1352 Et
1145 1293 1220 1352 Ner-

86 1445 87 1450 ,
192 1391 312 1452 riorum
335 1392 494 1470 cobortes,
518 1405 599 1454 metu
621 1415 674 1454 seu
695 1395 841 1480 perfidia,
863 1396 956 1454 latera
977 1405 1151 1456 nosnorum
1167 1417 1220 1458 nu·
1257 1409 1258 1414 ’

189 1494 310 1558 dovere.
354 1499 414 1587 ¹Sic
440 1497 477 1558 ad
503 1496 633 1579 legiones
653 1487 859 1578 perventum}
889 1521 967 1582 quae
995 1502 1110 1562 amissis
1129 1501 1219 1584 siguis

57 1614 60 1618 ’
144 1605 269 1674 wintra
293 1603 407 1666 vallum
424 1605 658 1677 sternebantur,
682 1626 752 1666 cum
773 1617 899 1688 repente
920 1627 1001 1668 novo
1021 1607 1132 1676 auxilio
1156 1609 1219 1669 for·
1287 1653 1289 1660 .

138 1692 141 1696 ’
187 1721 264 1774 tuna
286 1732 404 1794 pugnae
426 1723 572 1792 mutatur,
611 1713 786 1774 Vasconum
808 1713 904 1774 lectae
922 1733 939 1772 a
958 1713 1057 1774 Galba
1078 1715 1219 1777 cobortes

188 1841 224 1880 ac
238 1807 309 1880 ¹turn
331 1821 460 1904 accitae,
477 1821 549 1880 duur
570 1819 674 1882 castris
694 1822 911 1906 propinquant,
934 1819 1038 1880 audito
1060 1822 1218 1903 praeliau·
1286 1874 1293 1881 .

188 1927 264 1986 tium
286 1927 420 1990 clamore
445 1931 579 1990 intentos
602 1929 695 1993 bostis
716 1951 732 1989 a
754 1941 839 2010 tergo
862 1927 1032 2004 invadunt,
1062 1925 1216 1990 latiorem·

189 2048 249 2112 que
269 2052 359 2114 quam
388 2055 445 2114 pro
473 2057 601 2096 numero
617 2020 775 2094 terrorem
797 2032 949 2106 facinuts
962 2033 1028 2094 aliis
1048 2055 1064 2094 a
1087 2027 1222 2096 Novesio¹

142 2133 257 2201 15aliis
276 2161 293 2198 a
314 2142 505 2219 Mogontiaco
528 2141 686 2197 universas
707 2139 805 2217 copias
835 2135 990 2198 advenisse
1016 2137 1217 2202 credentibus.
1285 2121 1288 2128 ¹

191 2245 221 2303 ls
244 2265 329 2303 error
355 2245 499 2302 Romanis
530 2243 613 2302 addit
642 2245 778 2317 animos,
811 2253 841 2304 ct
869 2242 941 2300 dum
970 2239 1076 2303 alienis
1102 2244 1217 2308 viribus

191 2349 372 2428 confidunt,
394 2355 462 2410 suus'
483 2369 654 2432 recepere.=
681 2347 876 2410 Fortissimus
899 2347 1026 2430 quisque
1047 2371 1064 2411 e
1086 2351 1218 2430 Batavis,

189 2468 338 2540 quantum
358 2457 492 2539 peditum
523 2465 610 2534 erat,
634 2455 820 2516 funduntur:
850 2473 943 2550 eques
962 2460 1056 2520 evasit
1083 2478 1151 2518 cum
1175 2462 1217 2520 si.

109 2573 112 2578 ’
188 2567 256 2650 gnis
277 2562 477 2649 captivisque,
502 2583 578 2646 quos
600 2565 698 2645 prima
712 2562 777 2622 acia
788 2563 1006 2645 corripuerant.
1046 2542 1215 2626 ¹Caesorum

134 2697 176 2738 no
188 2695 226 2736 eo
247 2673 298 2736 die
318 2675 350 2734 iu
374 2667 513 2756 partibus
538 2675 648 2734 uostris
666 2671 766 2734 maior
787 2691 933 2733 numerus
956 2681 987 2734 et
1006 2671 1179 2754 imbellium
1199 2651 1233 2738 c

122 2772 177 2856 34
190 2783 349 2846 Germanis
367 2783 433 2864 ipss
446 2771 565 2844 robora.
603 2784 676 2842 Dux
693 2769 1150 2864 uterquepariculpamerittls
1166 2781 1214 2842 ad·
1288 2827 1289 2830 ,

189 2909 279 2956 versa
299 2892 446 2972 prosperis
463 2889 596 2952 defuero.
650 2889 727 2962 Nam
753 2887 858 2950 Civilis
884 2892 909 2952 si
931 2891 1098 2974 maioribus
1119 2889 1221 2972 copiis.
1291 2877 1293 2886 ’

190 2997 377 3058 instruxisset
396 2996 508 3072 aciem,
541 2997 695 3058 circumiri
725 3007 821 3058 stam
840 2982 942 3077 paucis
964 2996 1140 3056 cohortibus
1159 3016 1213 3058 nc·

192 3105 324 3186 quisset,
362 3115 519 3188 castraque
537 3117 679 3186 perrupta
699 3106 877 3168 caecidisset.
926 3104 1044 3168 Vocula
1074 3124 1131 3163 nec
1149 3103 1212 3191 acl.

139 3219 313 3283 25veutum
332 3213 465 3298 bostium
482 3211 655 3294 exploravit,
674 3213 867 3296 eoquesimul
888 3197 1023 3296 egressus
1044 3213 1210 3294 victusque,

189 3319 258 3380 dein
271 3322 424 3413 [victoriae
447 3339 554 3404 parum
575 3320 704 3379 confisus
726 3322 805 3382 tritis
826 3295 937 3384 frustra
958 3319 1063 3381 diebus
1074 3329 1169 3380 castra
1181 3322 1209 3382 in

188 3427 305 3488 hostem
329 3427 442 3500 movit,
464 3447 552 3510 quem
572 3431 595 3487 si
615 3425 714 3488 statim
737 3416 893 3510 ¹impellere
912 3445 1092 3508 cursumque
1111 3449 1210 3491 rerum
1298 3442 1300 3448 ’

189 3535 274 3618 sequi
296 3522 500 3612 maturasset,
526 3535 644 3596 solvere
670 3535 820 3596 obsidium
836 3535 994 3618 ¹legionum
1021 3534 1125 3600 eodem
1155 3538 1211 3598 irn-

189 3651 262 3722 petu
281 3645 392 3723 potnit.
446 3639 631 3711 Tentaverat
660 3641 782 3703 interim
801 3641 905 3704 Civilis
936 3643 1124 3704 obsessorum
1144 3647 1210 3705 ani·

138 3757 180 3818 50
192 3771 276 3825 mos,
299 3761 444 3832 tauquam
463 3738 596 3831 perditae
618 3751 699 3832 apud
709 3753 860 3814 Romanos
881 3771 929 3812 res
948 3762 978 3812 et
997 3751 1058 3814 suis
1078 3740 1227 3815 'victoria

189 3861 386 3942 provenisset.
428 3859 728 3926 circumferebantur
748 3855 831 3943 sigua
848 3857 1035 3942 vexillarpea
1067 3841 1206 3924 ostentati
1277 3862 1280 3869 '

262 4058 300 4110 rt.
318 4055 423 4108 intento
443 4051 522 4109 But.
541 4055 607 4109 Mox
630 4059 669 4127 td.
686 4057 813 4127 Romuuis
833 4056 908 4114 dccet
927 4057 1052 4118 tutta,
1096 4066 1099 4070 ·
