2912 4730
222 445 283 509 130
583 442 880 506 HISTORIARUM

48 638 80 710 (a
98 639 126 693 c.
145 644 202 718 69.)
216 625 289 688 dein
320 627 430 711 quinta
449 635 481 687 et
506 623 744 686 duoetvicesima
775 632 918 699 secutac;
953 629 1107 703 postremo
1139 623 1261 703 agmine

162 779 164 783 -
212 736 450 798 unaetvicesima
476 735 580 818 Rapax
602 743 634 794 et
654 734 750 816 prima
771 734 877 794 Italica
900 733 1048 792 incessere
1072 748 1143 788 curn
1165 731 1259 795 vexil-

211 841 295 904 lariis
329 845 432 904 trium
461 843 707 904 Britannicarum
738 838 894 924 legionum
930 849 961 900 et
992 837 1099 902 electis
1130 839 1258 901 auxiliis.

210 948 355 1010 Profecto
371 951 501 1011 Caecina
522 949 643 1031 scripsit
664 947 781 1009 Fabius
803 935 915 1007 Valens
936 945 1081 1007 exercitui
1091 967 1183 1029 quem
1194 948 1259 1030 ipse

209 1055 411 1132 ductaverat,
445 1065 482 1116 ut
504 1055 535 1114 in
556 1055 667 1116 itinere
693 1054 912 1135 opperiretur:
947 1053 990 1114 sic
1011 1052 1071 1113 sibi
1092 1073 1163 1113 cum
1181 1053 1288 1122 Cae-5

134 1161 136 1166 ’
209 1149 277 1222 cina¹
297 1163 493 1240 convenissa3
530 1162 584 1243 qui
614 1181 754 1242 praesens
782 1180 880 1242 eoque
904 1159 1035 1221 validior
1060 1163 1259 1222 immutatum

208 1269 240 1330 id
258 1270 419 1332 consilium
440 1271 543 1348 finxit,
566 1280 601 1329 ut
622 1271 776 1351 ingruenti
797 1267 879 1330 bello
902 1279 969 1330 tota
999 1267 1083 1330 mole
1110 1291 1258 1333 occurre-

208 1388 305 1440 retur.
350 1383 396 1440 Ita
420 1378 591 1440 accelerare
612 1377 744 1460 legiones
764 1379 974 1454 Cremonam,
1005 1401 1077 1460 pars
1096 1378 1256 1442 Hostiliam

207 1498 316 1571 petere
339 1490 458 1550 iussae:
483 1489 547 1570 ipse
569 1474 748 1550 Ravennam
771 1489 926 1568 devertit,
956 1465 1114 1570 praetexto
1131 1487 1256 1550 classem

208 1595 405 1678 adloquendi.
449 1600 521 1660 Mox
543 1598 664 1662 Patavii
698 1608 849 1660 secretum
880 1597 1112 1679 componendae
1144 1600 1311 1682 prodi-115

208 1707 300 1767 tionis
320 1708 503 1788 quaesitum.
545 1707 686 1792 Namque
708 1705 846 1768 Lucilius
866 1707 977 1769 Bassus
996 1719 1065 1790 post
1082 1710 1256 1791 praefectu-

208 1837 276 1876 ram
299 1813 366 1877 alac
389 1815 560 1878 Ravennati
582 1816 673 1878 simul
696 1835 732 1877 ac
752 1816 919 1878 Misenensi
940 1817 1087 1886 classibus
1103 1817 1257 1882 aVitellio

206 1923 416 2006 praepositus,
439 1924 523 2005 quod
543 1944 604 1984 non
623 1923 727 1983 statim
747 1923 971 2004 praefecturam
994 1928 1140 2006 praetorii
1161 1929 1256 2012 adep-

206 2041 255 2094 tus
277 2031 378 2112 foret,
401 2032 539 2116 iniquam
561 2029 752 2092 iracundiam
785 2029 938 2114 flagitiosa
968 2035 1097 2116 perfidia
1126 2037 1255 2100 ulcisce-

205 2139 308 2202 batur.
352 2138 416 2202 Nec
437 2137 508 2200 sciri
528 2146 629 2220 potest
664 2138 834 2200 traxeritne
866 2137 1047 2220 Caecinam,
1089 2163 1128 2204 an
1160 2146 1303 2228 (quod15

206 2251 307 2310 euenit
327 2247 406 2312 luter
426 2244 536 2327 malos,
557 2253 646 2306 utet
667 2244 782 2308 similes
805 2246 875 2327 siut)
899 2249 1006 2314 eadem
1028 2247 1097 2312 illos
1117 2255 1253 2336 pravitas

205 2354 374 2439 impulerit.
416 2358 584 2439 Scriptores
604 2363 799 2436 temporum,
823 2358 876 2438 qui
897 2357 1036 2438 potiente
1056 2337 1159 2424 rerum
1180 2359 1340 2444 Fla-101

207 2467 259 2524 ria
279 2465 371 2526 domo
392 2475 592 2526 monumenta
615 2461 690 2524 belli
711 2461 839 2524 huiusce
859 2478 1120 2550 composuerunt,
1146 2492 1254 2536 curam

207 2574 289 2656 pacis
312 2583 342 2633 et
364 2593 500 2636 amorem
523 2570 748 2653 reipublicae,
785 2581 949 2653 corruptas
975 2576 1008 2636 in
1042 2578 1253 2656 adulationem

207 2701 333 2756 causas,
357 2677 519 2739 tradidere.
562 2677 665 2739 Nobis·
682 2697 773 2760 snper
794 2679 1093 2744 insitamlevitatem
1127 2695 1160 2746 et
1181 2708 1302 2769 pr0.20

208 2785 274 2846 dito
293 2782 393 2846 Galba
413 2782 504 2846 vilem
525 2803 595 2844 mox
616 2783 708 2845 fidem
726 2783 934 2846 aemulatione
953 2787 1046 2850 etiam
1067 2773 1252 2878 invidiaque,

209 2885 481 2906 m·—

209 2953 335 3007 remissos
354 2963 413 3001 esse
433 2945 499 2997 inde
517 2949 613 3014 patet,
631 2940 707 3015 quod
725 2944 809 3013 paolo
829 2954 892 3017 post
911 2951 998 3006 affirm
1024 2953 1113 3025 trium
1132 2959 1253 3011 relicus-

209 3063 270 3100 rum
289 3045 430 3116 legionum
449 3037 672 3092 Britannicarum
699 3040 844 3096 vexillarii.
856 3044 1004 3102 carcinus
1032 3050 1116 3106 Roma
1142 3055 1255 3122 profici.

209 3150 328 3195 scentem
347 3143 455 3192 secutae
466 3141 716 3189 commemorantur.
752 3138 867 3196 Deinde,
878 3159 1009 3196 numerus
1027 3144 1091 3202 XIII
1106 3148 1253 3202 manifesto

210 3241 354 3304 corruptus
372 3237 431 3287 ests
451 3245 514 3282 nam
531 3227 604 3297 legio
624 3231 709 3286 sertia
726 3228 840 3288 decuma
859 3233 890 3286 in
908 3220 1050 3290 Pannonia
1068 3239 1201 3294 collocata
1223 3251 1253 3297 st

210 3332 352 3388 Flavianis·
363 3325 489 3400 partibus
510 3325 621 3380 addicta
638 3335 706 3382 erat.
724 3314 803 3382 Corsi.
823 3328 928 3389 11,86.
948 3329 1005 3392 III,
1027 3347 1050 3388 ι.
1070 3351 1095 3402 7.
1115 3349 1159 3390 αι,
1194 3339 1252 3388 hm

210 3429 241 3480 In
258 3429 443 3498 promptuest
459 3437 509 3492 pro
530 3421 592 3473 XIII
619 3423 787 3480 substituere
816 3438 877 3474 mm
904 3423 1055 3478 Puteolano
1080 3427 1162 3494 XVI,
1191 3437 1251 3482 tum

212 3519 320 3593 quiaV
339 3517 419 3570 facile
438 3518 531 3588 proli
554 3533 572 3569 s
588 3516 710 3571 librariis
732 3517 820 3586 accipi
845 3525 970 3585 poterat,
999 3528 1058 3574 tum
1087 3526 1154 3596 quia
1179 3525 1259 3596 legio,

179 3613 183 3622 ’
211 3623 287 3670 sexta
306 3613 418 3667 decuma
436 3614 466 3667 in
483 3613 590 3684 praelio
608 3613 781 3666 Bedriacensi
799 3626 848 3680 pro
868 3611 983 3666 Vitellio
1009 3621 1151 3685 pugnavit.
1180 3619 1253 3677 Vide

211 3713 267 3776 III,
288 3719 329 3762 ns.
347 3709 488 3767 Wsltbero
510 3711 545 3763 scl
562 3708 636 3759 hunc
653 3709 743 3758 locuni
769 3707 903 3761 scribenti
921 3710 971 3764 sed
987 3714 1050 3784 quis
1071 3713 1182 3770 tandem
1200 3737 1253 3774 vc-

213 3825 272 3862 rum
284 3809 452 3878 scripturam
472 3801 643 3860 existentis?
660 3815 711 3870 ego
728 3801 840 3872 quidem
857 3819 915 3856 uon
932 3806 1110 3862 subscribens.

297 3898 386 3957 a.'M²
403 3898 743 3965 commendamentum
760 3915 903 3954 correxere
910 3901 1048 3960 Victorius
1058 3915 1087 3963 et
1095 3909 1251 3966 Rhenanus·

224 4000 227 4012 ’
297 4003 326 4059 θι
344 3995 553 4057 cremonam,
572 4002 600 4047 ei
623 4011 661 4048 to.
677 3996 779 4066 patui,
797 4013 854 4051 aon
871 3999 991 4064 Patavii.
1034 4043 1063 4082 ,Ι

233 4115 237 4124 ³
274 4097 327 4151 ss.
346 4095 446 4144 Bassus
464 4087 623 4140 Rhenanus:
643 4086 688 4140 Ma
709 4089 840 4143 blasssus.
