2880 4720
178 403 181 410 .
217 379 278 448 375
553 369 610 432 DE
634 367 896 431 oustoutsus
945 422 974 432 ,,

216 558 404 620 Furniumue
422 571 510 629 curo,
527 569 583 614 nec
605 545 679 612 alios
694 547 753 630 qni
774 546 805 608 in
818 543 925 611 eodem
939 541 1153 620 ,valitudinario
1165 546 1241 608 baec

165 707 167 718 ·
216 686 280 726 ossa
292 671 323 724 et
335 661 414 722 banc
426 659 551 732 maciem
564 655 713 740 probante
732 657 797 736 ipse
816 654 892 716 mibi
910 651 1033 730 Calvus,
1055 671 1125 712 cuns
1143 673 1241 714 unum

163 808 167 818 ·
217 783 246 832 et
268 769 392 845 viginti,
415 776 450 828 nt
470 775 563 848 puto,
584 763 680 826 libros
702 759 877 844 reliquerit,
898 763 947 822 vix
969 761 1002 820 in
1023 779 1084 820 una
1104 759 1240 822 etaltera

217 875 408 941 oratiuncula
429 873 583 938 satisfacit.
623 875 683 936 Nec
704 869 860 932 dissentire
878 879 991 932 ceteros
1012 867 1051 928 ab
1082 867 1143 928 hoc
1168 890 1239 930 meo

217 983 329 1046 iudicio
349 983 456 1046 video:
476 989 590 1061 quotus
608 979 688 1038 eumn
707 976 838 1058 quisque
857 975 944 1038 Calvi
975 977 1006 1036 in
1029 975 1160 1038 Asitium
1187 981 1272 1045 aut5

215 1094 247 1150 in
258 1092 395 1152 Drusum
415 1086 509 1170 legit?
534 1095 565 1146 at
579 1084 708 1146 Hercule
727 1082 930 1146 inhominum
950 1085 1153 1146 studiosorum
1174 1104 1241 1144 ma-

216 1197 307 1261 uibus
329 1205 486 1259 versantur
505 1194 709 1256 accusationes
728 1211 805 1274 quae
826 1193 858 1252 in
881 1191 1038 1254 Vatinium
1067 1191 1240 1252 inscribun-

216 1315 283 1382 tur,
305 1327 340 1366 ac
362 1304 524 1386 praecipue
544 1299 676 1362 secunda
697 1319 733 1360 ex
748 1297 796 1358 bis
816 1297 925 1364 oratio.
966 1298 1022 1360 Est
1046 1300 1128 1360 enirn
1141 1297 1242 1360 verbis

157 1417 160 1426 '
217 1418 372 1482 ornatuet
384 1409 550 1486 sententiis,
572 1406 697 1468 auribus
709 1404 1147 1485 iudicumaccommodata,-ut
1166 1407 1241 1467 scias

217 1519 314 1598 ipsum
334 1536 456 1597 quoque
478 1513 608 1576 Calvum
628 1509 804 1586 intellexisse
822 1511 896 1594 qnid
926 1509 1033 1574 melius
1060 1523 1152 1590 esset,
1184 1534 1241 1574 nec
1258 1535 1296 1576 ro

216 1623 406 1686 uoluntatem
428 1621 470 1696 ei,
493 1639 555 1702 quo
576 1617 735 1692 sublimius
752 1629 783 1694 et
802 1617 913 1680 cultius
935 1598 1066 1693 diceret,
1088 1619 1141 1682 sed
1156 1621 1241 1701 inge·

218 1732 303 1794 nium
331 1751 365 1791 ac
392 1728 475 1790 vires
496 1725 634 1792 defuisse.
677 1724 759 1803 Quid
787 1745 823 1786 ex
853 1723 1003 1786 Caelianis
1031 1725 1242 1806 cretionibus?

218 1857 326 1917 nempe
344 1855 397 1896 eae
416 1831 554 1916 placent,
572 1834 598 1894 si
619 1853 679 1894 non
701 1833 878 1910 universes,
902 1841 936 1894 at
954 1842 1057 1915 partes
1077 1855 1191 1906 earum,
1210 1835 1241 1896 in

218 1943 329 2024 quibus
346 1941 476 2000 nitorem
495 1949 526 2000 et
551 1937 744 2000 altitudinem
771 1937 880 1998 borum
906 1948 1077 2019 temporum
1105 1943 1243 2024 agnosci·

218 2069 296 2119 mus.
335 2046 451 2111 Sordes
475 2054 576 2108 autem
595 2043 665 2106 illae
691 2043 857 2108 verborum
887 2054 917 2106 et
944 2044 1031 2110 luens
1065 2049 1296 2131 compositioni

218 2161 421 2182 Μ*

221 2239 329 2304 ruptum
348 2213 529 2300 probabiliter
548 2231 680 2302 corrigere
698 2236 810 2284 conatus
831 2245 906 2294 sum,
929 2225 1035 2302 partim
1060 2234 1079 2286 1.
1105 2235 1150 2296 Fr.
1174 2236 1245 2290 Gre-

220 2327 295 2381 novii
313 2325 446 2378 iudicium
464 2325 572 2379 secutus
590 2326 688 2394 partim
706 2341 805 2379 meum.
840 2325 1018 2380 AGrcnovio
1042 2331 1132 2398 recepi
1153 2331 1246 2385 Carsu·

222 2423 289 2472 tium
306 2437 355 2488 pso
375 2420 480 2474 Ganuts'
495 2419 540 2473 sel
560 2421 680 2483 Canuti,
703 2421 813 2472 Arrium
830 2409 879 2488 pro
898 2421 985 2485 Attii,
1002 2421 1166 2478 Fitrniumue
1194 2443 1245 2496 pro

222 2513 256 2566 de
272 2514 377 2568 urrato
393 2526 428 2566 et.
463 2513 585 2567 Genitisl
605 2516 658 2566 orti
676 2523 756 2579 sunt,
778 2531 838 2567 cum
857 2515 985 2569 librarius
1008 2529 1071 2588 post
1094 2519 1127 2575 ds
1144 2524 1246 2593 populo

138 2654 140 2666 ,
219 2599 271 2660 eos
288 2608 392 2678 requiri
411 2608 578 2676 opinaretur.
611 2609 682 2660 Ante
698 2609 832 2662 Furnium
851 2625 885 2662 ex
903 2612 1080 2666 antecedente
1111 2632 1189 2669 versu
1214 2617 1248 2672 da

225 2704 334 2754 illatum'
350 2701 458 2758 ridetur
474 2708 556 2772 atque
574 2699 723 2756 ablativum
741 2719 905 2772 procreasse.
940 2709 982 2760 De
995 2709 1110 2764 Canutio
1130 2719 1159 2764 et
1171 2713 1249 2764 Arrio

227 2805 256 2849 et
273 2795 389 2855 Furnio,
407 2794 544 2854 inferioris
563 2795 667 2850 ordinis
684 2797 854 2862 oratoribus,
880 2799 1031 2858 Gronovius
1055 2806 1149 2858 attulit
1167 2807 1251 2862 Cice·-

228 2888 302 2942 ronis
321 2889 395 2942 brut.
414 2890 454 2941 56.
475 2895 503 2942 et
519 2905 568 2958 pro
586 2891 694 2944 Cluent.
716 2895 754 2947 18.
773 2892 890 2964 Philipp.
909 2899 939 2959 3,
952 2915 977 2967 9.
1014 2897 1124 2954 Sueton
1140 2899 1250 2962 declar,

192 3006 197 3015 ·
229 2985 298 3036 rhet.
318 2985 344 3037 6.
365 2982 451 3036 Cicer.
472 2985 544 3038 Brut.
562 2987 603 3056 69
623 2986 657 3038 ad
674 2987 753 3039 Attic.
773 2987 817 3038 IX.
837 2996 899 3056 post
915 3005 958 3060 ep.
971 2992 996 3044 6.
1020 2990 1055 3044 ed
1073 2993 1145 3044 Fam.
1165 2994 1196 3057 X,
1208 2996 1252 3050 25.

230 3081 272 3130 nti.
307 3079 412 3131 Accedo
432 3077 466 3130 sd
488 3080 652 3142 Cerasium,
669 3097 749 3152 quern
768 3082 898 3177 disertum
916 3085 1001 3140 luisse
1026 3103 1106 3141 nemo
1133 3106 1252 3160 unquam

231 3171 352 3226 tradidit.
388 3173 470 3242 Quod
487 3176 516 3225 iu
533 3171 605 3229 libro
625 3183 683 3239 est,
699 3178 833 3241 coronio,
852 3178 942 3232 divide
967 3196 1034 3234 cora
1059 3184 1106 3237 nio
1139 3190 1167 3236 et
1192 3201 1252 3238 cor·

231 3273 288 3338 rige
306 3287 371 3322 curo
389 3285 454 3336 nec3
474 3276 531 3320 tum
548 3285 699 3338 pronomen
716 3273 766 3344 qui
784 3273 926 3343 interpone
945 3281 1008 3326 ante
1025 3275 1066 3340 in,
1084 3275 1200 3348 absquo
1220 3277 1251 3328 id

165 3414 169 3420 ,
234 3365 390 3434 absorptum
415 3363 538 3424 coniicio,
573 3364 630 3416 laen
656 3362 740 3417 babes
768 3365 839 3418 banc
857 3369 1130 3427 sententiam:·non
1157 3369 1252 3423 sutiles
1288 3367 1291 3374 ’

234 3457 295 3509 illos
313 3457 411 3527 priori·
430 3457 489 3508 nevi
509 3464 627 3514 oratores
644 3476 721 3524 curo,
740 3461 839 3532 quibus
857 3462 924 3516 baec
942 3480 1001 3516 ossa
1020 3473 1047 3519 et
1066 3465 1134 3518 baec
1153 3467 1252 3532 macies

234 3551 328 3615 (tenue
347 3563 375 3606 et
394 3555 465 3607 exile
483 3553 592 3606 dicendi
603 3565 699 3626 genus)
710 3557 790 3612 unice
807 3557 951 3630 probatur:
971 3561 1023 3631 ipsi
1037 3561 1253 3630 praestantiores,

237 3651 267 3696 ut
285 3645 399 3709 Calvus,
415 3665 470 3702 uon
487 3649 663 3702 satisfaciunt.

322 3758 346 3809 7·
363 3740 550 3797 inscribuntur
568 3745 692 3815 Lipsius:
710 3746 732 3800 1‘
748 3747 914 3802 scribuntur.

310 3853 347 3888 so.
365 3835 420 3890 sive
439 3839 469 3889 irs
486 3841 614 3894 universa
633 3855 712 3912 parts
726 3861 815 3914 seruire
841 3843 878 3907 Ἐς
895 3843 1011 3898 correxit
1027 3841 1171 3896 Acidalius.
1197 3843 1252 3917 siue

238 3932 383 3994 sitiveras,
402 3933 500 3986 omisso
521 3935 568 3996 iss,
588 3951 620 3986 ex
638 3936 658 3988 F
679 3940 793 3992 afferunt
810 3937 917 4008 Lipsius
938 3946 966 3991 et
985 3937 1167 4010 Schluttigius.
