2914 4724
536 409 611 475 nin.
632 410 655 473 1.
679 363 749 490 cap.
772 403 920 494 rsa-te.¹
1187 405 1227 469 so

206 617 256 658 sus
278 597 351 658 alius
376 603 468 677 atque
487 591 577 668 alius,
600 589 703 651 eadem
725 597 853 671 egestate
875 605 911 646 ee
939 585 1059 647 licentio
1085 583 1227 664 corrupti,
1244 599 1269 671 (ι
1288 593 1315 654 ε,
1333 591 1387 664 69)
1422 563 1444 618 f

207 705 246 764 ad
268 703 431 764 seditiones
451 711 481 762 et
501 699 662 761 discordias
698 707 728 758 et
757 695 795 756 ad
825 703 990 755 extremum
1018 691 1100 754 lrella
1132 693 1231 755 civilia
1392 687 1394 690 ’

157 803 159 808 ’
207 815 348 874 ruebant.
388 809 449 873 Sed
471 811 552 872 Otho
574 829 612 869 ne
633 807 718 890 volgi
739 805 899 885 largitione
925 801 1140 862 centurionum
1166 801 1234 862 ani·

208 941 272 980 mos
293 927 456 992 averteret,
478 920 583 979 fiscum
604 939 692 978 suum
710 915 875 974 vacationes
895 931 1007 973 annuas
1028 910 1236 973 exsoluturum

180 1027 355 1108 5promisit,
378 1050 443 1088 rem
464 1027 547 1087 haud
570 1025 661 1085 dubie
681 1025 803 1098 utilem,
835 1035 864 1084 et
885 1045 901 1082 a
923 1019 1007 1082 bonis
1027 1031 1127 1102 postea
1148 1019 1236 1100 prin-

208 1133 326 1212 cipibus
341 1135 547 1214 perpetuitate
566 1129 742 1212 disciplinae
763 1129 922 1189 firmatam.
965 1129 1043 1189 Laco
1057 1127 1235 1208 praefectus,

209 1249 355 1318 tanquam
376 1240 407 1298 in
430 1238 560 1299 insulam
594 1248 806 1318 seponeretur,
839 1237 878 1296 ab
900 1246 1043 1311 evocato,
1077 1255 1166 1316 quem
1198 1231 1237 1292 ud

185 1345 334 1406 ¹eaedem
354 1345 418 1406 eins
442 1346 524 1406 Otho
541 1323 754 1428 praemiserat,
784 1344 958 1422 confossus3
996 1343 1027 1402 in
1050 1343 1238 1404 Marcianum

213 1451 323 1512 lcelum
342 1453 419 1512 ut‘in
439 1450 580 1540 libertum
600 1451 700 1533 palam
722 1449 978 1515 animadversum.

147 1518 198 1600 47
289 1560 401 1620 Exacto
420 1581 475 1641 per
495 1560 607 1622 seelera
630 1559 689 1636 die,
714 1560 913 1621 novissimum
932 1556 1079 1618 malorum
1102 1555 1158 1616 fuit
1178 1555 1239 1614 lae·

209 1667 285 1726 titia.
327 1667 424 1728 Vocat
447 1677 586 1727 senatum
609 1679 731 1748 praetor
753 1667 912 1744 urbanus;
944 1673 1064 1726 certant
1089 1661 1238 1724 adulatio-

210 1777 300 1834 nibus
333 1774 423 1834 cetcri
457 1775 661 1855 magistratus.
704 1779 877 1836 Accurrunt
911 1783 1031 1854 patres,
1066 1770 1240 1831 decernitur

150 1873 153 1878 ⁵
210 1883 328 1942 Othoni
351 1880 516 1942 tribunicia
537 1892 668 1963 potestas
689 1891 721 1942 et
737 1903 848 1944 nomen
862 1882 990 1960 Augusti
1002 1889 1032 1940 et
1041 1899 1144 1940 omnes
1154 1879 1241 1958 priu-
1319 1953 1322 1959 Ι

210 1987 313 2066 cipum
333 1987 480 2060 honores,
519 1989 728 2050 adnitentibus
750 1992 868 2052 eunctis
899 1990 1020 2050 abolere
1045 1986 1180 2046 convicia
1206 2001 1241 2040 ue

168 2084 335 2173 15probra,
356 2112 434 2172 qnae
453 2096 602 2171 promisce
624 2097 702 2154 iaetu
723 2097 853 2157 haesisse
873 2097 973 2154 animo
993 2094 1055 2152 eius
1073 2111 1162 2150 nemo
1174 2109 1242 2148 seu·

212 2199 259 2257 sit.
303 2197 464 2258 Omisisset
486 2199 611 2258 offensas
635 2221 673 2258 an
695 2201 877 2274 distulisset,
902 2197 1052 2258 brevitate
1074 2195 1190 2276 imperii
1209 2196 1240 2252 in

212 2307 331 2364 incerto
350 2303 417 2369 luit.
462 2299 567 2385 Otho,
590 2314 715 2362 cruento
736 2305 836 2363 adhuc
856 2303 939 2380 soro,
971 2323 1026 2383 per
1047 2314 1175 2382 stragem
1196 2302 1241 2362 ia·

211 2411 344 2472 centium
365 2410 397 2468 in
419 2405 604 2491 Capitolium
625 2409 810 2490 atqueninde
831 2411 861 2470 in
883 2409 1025 2492 palatium
1046 2421 1149 2474 vectus
1168 2431 1241 2470 con·

212 2517 279 2578 cedi
315 2535 445 2598 corpora
482 2515 656 2596 sepulturae
692 2518 882 2600 cremarique
911 2521 1050 2600 permisit.
1099 2518 1239 2579 Pisonem

167 2633 206 2674 ²⁰
216 2625 349 2688 Verania
361 2646 438 2686 uxor
452 2645 487 2695 ae
499 2624 596 2688 freter
605 2626 827 2705 Scribonianus,
847 2628 952 2689 Titum
963 2627 1089 2688 Vinium
1097 2624 1238 2706 Crispina

214 2733 275 2794 filia
302 2753 516 2814 composuere,
545 2737 688 2816 quaesitis
715 2733 938 2816 redemptisque
968 2737 1133 2816 capitibus,
1161 2756 1238 2817 quae

151 2823 332 2907 dSvenalia
354 2842 787 2902 interfectoresservaverant.
829 2841 899 2901 Piso
913 2853 1045 2903 unumet
1054 2845 1238 2904 tricesimum

217 2951 321 3008 aetatis
342 2963 455 3008 annum
476 2947 624 3028 explebat,
646 2949 725 3008 sama
747 2948 873 3008 meliore
893 2969 985 3029 quam
1003 2949 1133 3036 fortuna.
1160 2949 1238 3008 Fra·
1323 2996 1325 3002 .

216 3063 278 3113 tres
300 3054 363 3114 eius
383 3057 526 3136 Magnum
549 3053 711 3132 Claudius,
748 3037 987 3116 Crassum⁸Nero
1015 3055 1239 3114 interfecerant.

148 3159 283 3241 ”ablpse
304 3161 356 3222 diu
377 3160 477 3237 exsul,
498 3161 663 3242 quatriduo
688 3140 817 3239 Cdesnr,
839 3169 999 3242 properata
1021 3162 1184 3242 adoptione
1200 3159 1239 3218 ad

216 3267 275 3328 hoe
292 3279 410 3330 tuntum
432 3270 538 3331 maiori
561 3269 649 3331 fratri
670 3271 822 3352 praelatus
844 3282 907 3346 est,
927 3280 961 3330 ut
982 3270 1065 3350 prior
1085 3261 1238 3326 occidere.

217 3383 278 3434 tur.
319 3369 405 3437 Titus
427 3379 535 3440 Vinius
556 3377 672 3460 septem
693 3391 722 3440 et
735 3380 951 3462 quinquaginta
963 3395 1057 3438 annos
1071 3373 1159 3434 variis
1173 3393 1239 3433 mo.

218 3481 301 3544 ribus
326 3485 396 3562 egit.
437 3487 530 3546 Pater
550 3485 593 3545 illi
613 3489 762 3566 praetoria
783 3486 913 3560 familia,
945 3495 1096 3546 maternus
1128 3503 1240 3543 avuse

218 3593 409 3672 proscriptis.
450 3593 552 3654 Prima
581 3589 831 3654 militia‘infamis
852 3593 981 3674 legatum
1003 3589 1164 3650 Calvisium
1185 3591 1242 3650 Sa.

173 3690 211 3748 30
221 3693 323 3754 binum
338 3696 512 3776 habuerat,
534 3699 620 3758 cuius
644 3717 716 3757 uxor
737 3699 816 3758 mala
838 3698 978 3779 cupidine
1006 3698 1123 3757 visendi
1151 3699 1241 3756 situm
1278 3694 1281 3704 ’

221 3813 406 3882 castrorum,
429 3817 625 3886 pernoctem
646 3807 769 3866 militari
790 3807 895 3866 habitu
917 3807 1058 3885 ingressa,
1080 3821 1150 3865 cum
1170 3797 1241 3878 vigi·
1273 3849 1280 3861 .

225 3909 309 3918 ιιι-..μ-
331 3913 358 3920 .-
372 3913 401 3918 ..-

307 3947 331 4010 4.
349 3959 375 3996 et
390 3944 485 4015 fiscum
505 3945 607 4000 AMR:
624 3946 759 3998 etdelevit
777 3947 797 3994 1.
817 3943 976 3997 Gronovius.

293 4037 329 4086 16.
351 4038 471 4089 omisisse
491 4051 538 4088 ortt
551 4039 649 4108 sensus
667 4038 718 4090 llll.
