2912 4730
450 422 451 430 κ
496 402 568 464 mn.
592 403 644 466 111.
668 401 757 464 mr.
781 401 913 469 ar-at
1140 403 1198 470 rto
1293 391 1301 406 “

170 580 329 658 gnitudine
349 579 455 642 eximia
473 566 597 664 quintae
619 583 763 648 decumae
786 584 911 668 legionis
931 581 1038 644 balista
1069 584 1198 664 ingenti·
1213 585 1242 648 (ἃ
1259 581 1287 636 C·
1305 582 1359 651 ⁶9)

173 689 229 748 bus
251 689 325 750 saxis
347 689 486 772 hostilem
508 695 601 753 aciem
623 694 821 774 proruebat·
842 695 976 774 Lateque
1004 691 1121 754 cladem
1153 695 1201 753 in.

159 797 309 878 ¹tulisset,
345 781 377 859 nl
399 799 460 862 dun
482 800 593 863 milites
614 803 805 883 praeclarum
827 803 942 862 lacinus
966 803 1050 874 ausi,
1072 800 1208 882 adreptis·

170 923 188 962 e
208 915 308 988 strage
329 911 418 970 scutis
437 911 581 994 ignorati,
605 908 707 970 vincla
728 931 763 970 ac
780 909 961 970 libramenta
979 919 1204 970 tormentorum

144 1009 374 1076 §abscidissent
419 1019 526 1078 Statim
551 1018 793 1092 confessisunt,
823 1036 918 1098 eoque
940 1014 1118 1076 intercidere
1147 1017 1208 1074 no·'

170 1117 273 1180 min-a:
297 1120 335 1181 de
358 1124 435 1210 laeto
457 1124 538 1184 haud
561 1123 736 1204 ambigitur.
778 1123 899 1184 Neu-tro
921 1121 1117 1184 inclinaverat
1142 1123 1206 1183 for-

157 1227 265 1308 tuna,
293 1229 391 1289 donec
419 1230 523 1292 adulta
555 1240 645 1292 nocte
677 1231 748 1290 luna
774 1249 900 1310 surgens
926 1229 1097 1290 ostenderet
1128 1232 1206 1290 acies

171 1333 372 1415 talleretque.
405 1337 465 1400 Sed
487 1338 639 1400 Flavianis
660 1339 821 1419 aequiora
843 1347 948 1419 terg0;
987 1337 1058 1398 binc
1081 1333 1207 1394 maiores

171 1461 320 1521 equorum
342 1445 537 1522 virorumque
568 1443 716 1521 umbrae,
740 1453 771 1504 et
807 1440 903 1516 falso,
937 1451 973 1525 ut
1001 1442 1033 1501 in
1066 1459 1205 1520 corpora,

126 1550 232 1613 ¹mictu
256 1547 315 1610 tela
336 1549 468 1610 bostium
485 1549 563 1610 citra
578 1549 749 1610 cadebant:
773 1549 928 1610 Vitelliani
944 1545 1071 1610 adverso
1088 1547 1207 1608 'lumine

172 1645 352 1717 collucentes
375 1656 460 1718 velut
483 1679 517 1717 ex
540 1657 662 1718 occulto
686 1655 890 1720 iaculantibus
909 1655 1208 1726 incautioffereban-

103 1743 158 1824 Ἣ
174 1773 235 1822 tur.
276 1763 374 1844 Igitur
395 1764 543 1824 Antonius
565 1763 619 1823 ubi
648 1783 774 1825 noscere
800 1781 870 1824 suos
904 1765 1047 1844 noscique
1075 1773 1207 1843 poterat,

127 1915 129 1920 .
175 1866 247 1928 alios
268 1869 387 1949 pudore
404 1880 435 1930 ct
456 1870 597 1951 probris,
619 1869 731 1934 multos
755 1867 844 1930 laude
873 1879 904 1930 et
924 1867 1071 1942 ‘hortatm
1102 1889 1208 1934 omues

174 1985 228 2054 spe'
244 1975 453 2058 promissisque
475 1977 663 2056 accendens,
686 1981 745 2038 cur
766 1969 1086 2056 rursussumpsissent
1108 1997 1206 2048 arma,

127 2077 365 2173 15¹Pannonicas
386 2079 519 2160 legiones
541 2082 778 2162 interrogabat:
811 2079 878 2141 illos
900 2087 968 2142 esse
1002 2099 1141 2160 campos,
1175 2081 1207 2140 iu

175 2187 286 2268 quibus
307 2186 432 2248 abolere
453 2187 553 2246 labem
578 2189 690 2266 prioris
717 2187 923 2270 ignominiae,
957 2185 1008 2246 ubi
1038 2185 1209 2265 reciperare

174 2293 305 2376 gloriam
327 2302 459 2372 possent.
501 2293 581 2352 Tum
612 2296 650 2358 ad
680 2296 828 2352 Moesicos
863 2313 1027 2352 conversus
1058 2293 1208 2373 principes
1272 2275 1276 2285 Ι

178 2413 377 2480 auctoresque
397 2398 470 2462 belli
492 2397 607 2459 ciebat:
628 2399 738 2460 frustra
760 2397 849 2460 minis
869 2409 900 2461 et
926 2401 1028 2461 verbis
1054 2419 1207 2481 provoca.
1294 2456 1296 2464 ,

178 2505 436 2586 tos'Vitellinnos²
459 2507 489 2568 si
506 2525 613 2567 manus
634 2527 742 2574 eorum
769 2504 946 2590 oculosque·
965 2493 1026 2568 non
1061 2506 1206 2569 tolerent.

123 2636 165 2678 20
180 2614 341 2696 Haecput
362 2634 496 2695 quosque
518 2623 699 2690 accesserat3
724 2613 809 2693 plura
829 2611 866 2672 ad
889 2615 1043 2688 tertianus,
1067 2625 1207 2678 veterum

178 2736 387 2750 u—-m—-fl

266 2791 286 2826 r·
305 2773 419 2844 quintae
439 2771 563 2841 Lipsius:
593 2769 659 2824 libri
678 2782 803 2844 quartae.
839 2769 936 2824 Statim
958 2771 1155 2836 ‘ballistam
1178 2781 1207 2826 et
1299 2769 1302 2775 “

180 2881 257 2936 eng.
276 2865 423 2923 ballistam.
471 2925 472 2930 ¹
841 2914 843 2919 .

269 2961 292 3025 lp
312 2960 519 3025 tormentorum]
550 2959 678 3014 tormenti
702 2975 759 3016 tum
785 2961 928 3031 legendum
959 2957 1055 3014 madet
1079 2959 1206 3029 Lipsius:

157 3079 158 3084 ¹
180 3055 340 3108 Waltherus
354 3055 486 3124 pluralem
498 3057 531 3108 de
550 3073 603 3108 uua
621 3058 718 3112 balista
732 3059 854 3127 accipere
871 3055 958 3119 iubet,
978 3059 1097 3119 securus,
1118 3067 1207 3108 utrum

88 3207 95 3222 ‚
180 3149 242 3204 sieri
260 3150 290 3201 id
307 3151 461 3218 possitnec
478 3169 521 3204 ne.
557 3151 586 3202 Si
599 3153 748 3220 diligenter
777 3154 874 3221 legeris
901 3151 1105 3214 antecedentia,
1137 3149 1207 3203 dilli-

185 3247 315 3298 eultatem
330 3261 391 3298 esse
412 3245 514 3299 unllam
533 3247 662 3298 invenies.
698 3247 765 3298 Nam
781 3225 927 3302 ¹Vitelliani
946 3262 1004 3299 eum
1027 3249 1160 3298 tormenta
1179 3243 1207 3294 in

182 3355 304 3408 aggerem
323 3343 382 3394 viae
404 3341 592 3414 contulissent,
612 3357 727 3410 cumque
744 3341 808 3424 iude
826 3358 892 3416 prae
912 3338 1207 3408 ceterisbalistaquln·

183 3443 227 3487 tae
245 3435 373 3487 decumae
391 3436 506 3508 legionis
522 3427 650 3488 damnum
667 3438 795 3500 inferret,
825 3438 880 3490 duo
909 3439 1011 3490 milites
1032 3431 1153 3524 Flaviani
1180 3441 1208 3484 et

186 3529 268 3582 huius
288 3539 316 3584 et
334 3536 483 3582 ceterarum
505 3530 600 3584 eodem
621 3533 681 3584 loeo
699 3533 856 3586 collatarum
883 3533 972 3585 vincla
990 3544 1022 3581 ac
1046 3525 1207 3580 libramenta

185 3623 365 3679 absciderunt.
414 3623 416 3628 ’
481 3682 483 3684 ,
840 3613 842 3626 ’

271 3739 297 3789 9.
315 3721 465 3793 corporali
481 3719 504 3772 G
522 3727 550 3772 et
567 3709 747 3792 superseriplo
767 3741 785 3775 a
804 3721 856 3776 Ma.

258 3815 297 3882 'l-
314 3835 408 3868 rursus
429 3817 569 3871 Ferettus:
587 3815 692 3868 codices
711 3819 779 3870 rari.

264 3925 299 3974 ⁸9·
320 3908 363 3960 Ma
386 3911 522 3962 tollerent.
543 3909 605 3962 Mon
624 3927 649 3980 p.
671 3910 732 3974 150,
746 3911 770 3964 3.
790 3907 924 3978 infensius
944 3905 1025 3958 tm.
1043 3902 1209 3962 Gronovius=

186 4000 249 4052 libri
268 4001 397 4076 diſsensus.
1115 4007 1117 4014 '
