<?xml version="1.0" encoding="UTF-8"?>
<!DOCTYPE html PUBLIC "-//W3C//DTD XHTML 1.0 Transitional//EN"
    "http://www.w3.org/TR/xhtml1/DTD/xhtml1-transitional.dtd">
<html xmlns="http://www.w3.org/1999/xhtml" xml:lang="en" lang="en">
 <head>
  <title>
</title>
<meta http-equiv="Content-Type" content="text/html;charset=utf-8" />
  <meta name='ocr-system' content='tesseract 3.04.00' />
  <meta name='ocr-capabilities' content='ocr_page ocr_carea ocr_par ocr_line ocrx_word'/>
</head>
<body>
  <div class='ocr_page' id='page_1' title='image "./ccorneliitaciti01rittgoog_0149.png"; bbox 0 0 2912 4730; ppageno 0'>
   <div class='ocr_carea' id='block_1_1' title="bbox 551 383 1316 450">
    <p class='ocr_par' dir='ltr' id='par_1_1' title="bbox 551 383 1316 450">
     <span class='ocr_line' id='line_1_1' title="bbox 551 383 1316 450; baseline -0.003 -4"><span class='ocrx_word' id='word_1_1' title='bbox 551 385 626 448; x_wconf 88' lang='lat' dir='ltr'><strong>LlB.</strong></span> <span class='ocrx_word' id='word_1_2' title='bbox 649 386 703 448; x_wconf 88' lang='lat'><em>111.</em></span> <span class='ocrx_word' id='word_1_3' title='bbox 727 383 817 448; x_wconf 87' lang='lat' dir='ltr'>CAP.</span> <span class='ocrx_word' id='word_1_4' title='bbox 841 385 939 450; x_wconf 85' lang='grc'><strong>6-8.</strong></span> <span class='ocrx_word' id='word_1_5' title='bbox 1193 383 1251 446; x_wconf 83' lang='grc'><strong>137</strong></span> <span class='ocrx_word' id='word_1_6' title='bbox 1311 405 1316 417; x_wconf 63' lang='lat'><em>⁴</em></span> 
     </span>
    </p>
   </div>
   <div class='ocr_carea' id='block_1_2' title="bbox 211 512 1418 647">
    <p class='ocr_par' dir='ltr' id='par_1_2' title="bbox 211 512 1418 647">
     <span class='ocr_line' id='line_1_2' title="bbox 211 512 1418 647; baseline -0.005 -24"><span class='ocrx_word' id='word_1_7' title='bbox 211 560 309 624; x_wconf 89' lang='lat' dir='ltr'><strong>Vedio</strong></span> <span class='ocrx_word' id='word_1_8' title='bbox 332 512 442 645; x_wconf 75' lang='lat' dir='ltr'><strong>riquila</strong></span> <span class='ocrx_word' id='word_1_9' title='bbox 463 563 564 647; x_wconf 87' lang='lat' dir='ltr'><strong>legato</strong></span> <span class='ocrx_word' id='word_1_10' title='bbox 582 564 747 626; x_wconf 86' lang='lat' dir='ltr'><strong>Patavium</strong></span> <span class='ocrx_word' id='word_1_11' title='bbox 770 559 884 623; x_wconf 76' lang='lat' dir='ltr'><strong>alacres</strong></span> <span class='ocrx_word' id='word_1_12' title='bbox 906 561 1044 624; x_wconf 87' lang='lat' dir='ltr'><strong>veniunt.</strong></span> <span class='ocrx_word' id='word_1_13' title='bbox 1088 557 1136 619; x_wconf 90' lang='lat' dir='ltr'><strong>lbi</strong></span> <span class='ocrx_word' id='word_1_14' title='bbox 1159 557 1254 640; x_wconf 89' lang='lat' dir='ltr'><strong>pauci</strong></span> <span class='ocrx_word' id='word_1_15' title='bbox 1267 558 1295 636; x_wconf 80' lang='lat' dir='ltr'><strong>(a</strong></span> <span class='ocrx_word' id='word_1_16' title='bbox 1316 549 1418 626; x_wconf 65' lang='lat' dir='ltr'><strong>non.)</strong></span> 
     </span>
    </p>
   </div>
   <div class='ocr_carea' id='block_1_3' title="bbox 99 666 1260 2700">
    <p class='ocr_par' dir='ltr' id='par_1_3' title="bbox 209 666 1255 754">
     <span class='ocr_line' id='line_1_3' title="bbox 209 666 1255 754; baseline -0.004 -26"><span class='ocrx_word' id='word_1_17' title='bbox 209 667 275 730; x_wconf 89' lang='lat' dir='ltr'><strong>dies</strong></span> <span class='ocrx_word' id='word_1_18' title='bbox 294 669 331 730; x_wconf 89' lang='lat' dir='ltr'><strong>ad</strong></span> <span class='ocrx_word' id='word_1_19' title='bbox 344 671 483 754; x_wconf 78' lang='lat' dir='ltr'><strong>requiem</strong></span> <span class='ocrx_word' id='word_1_20' title='bbox 496 674 621 754; x_wconf 89' lang='lat' dir='ltr'><strong>sumpti,</strong></span> <span class='ocrx_word' id='word_1_21' title='bbox 642 683 673 733; x_wconf 91' lang='lat' dir='ltr'><strong>et</strong></span> <span class='ocrx_word' id='word_1_22' title='bbox 682 669 834 737; x_wconf 87' lang='lat' dir='ltr'><strong>Minucius</strong></span> <span class='ocrx_word' id='word_1_23' title='bbox 846 669 946 730; x_wconf 90' lang='lat' dir='ltr'><strong>lustus</strong></span> <span class='ocrx_word' id='word_1_24' title='bbox 957 666 1129 750; x_wconf 76' lang='lat' dir='ltr'><strong>praefectus</strong></span> <span class='ocrx_word' id='word_1_25' title='bbox 1138 674 1255 726; x_wconf 79' lang='lat' dir='ltr'><strong>castro·</strong></span> 
     </span>
    </p>

    <p class='ocr_par' dir='ltr' id='par_1_4' title="bbox 99 771 1255 1074">
     <span class='ocr_line' id='line_1_4' title="bbox 99 771 1255 862; baseline -0.002 -26"><span class='ocrx_word' id='word_1_26' title='bbox 99 810 104 823; x_wconf 38' lang='grc' dir='ltr'><em>κ</em></span> <span class='ocrx_word' id='word_1_27' title='bbox 210 797 280 836; x_wconf 88' lang='lat' dir='ltr'><strong>rum</strong></span> <span class='ocrx_word' id='word_1_28' title='bbox 301 775 427 861; x_wconf 81' lang='lat' dir='ltr'><strong>legionis</strong></span> <span class='ocrx_word' id='word_1_29' title='bbox 455 779 618 862; x_wconf 89' lang='lat' dir='ltr'><strong>septimae,</strong></span> <span class='ocrx_word' id='word_1_30' title='bbox 647 779 719 862; x_wconf 89' lang='lat' dir='ltr'><strong>quia</strong></span> <span class='ocrx_word' id='word_1_31' title='bbox 745 777 907 840; x_wconf 75' lang='lat' dir='ltr'><strong>adductius</strong></span> <span class='ocrx_word' id='word_1_32' title='bbox 935 797 1028 859; x_wconf 91' lang='lat' dir='ltr'><strong>quam</strong></span> <span class='ocrx_word' id='word_1_33' title='bbox 1058 773 1143 835; x_wconf 88' lang='lat' dir='ltr'><strong>civili</strong></span> <span class='ocrx_word' id='word_1_34' title='bbox 1170 771 1255 834; x_wconf 91' lang='lat' dir='ltr'><strong>bello</strong></span> 
     </span>
     <span class='ocr_line' id='line_1_5' title="bbox 99 873 1255 968; baseline -0.003 -23"><span class='ocrx_word' id='word_1_35' title='bbox 99 921 104 936; x_wconf 67' lang='grc'><em>»</em></span> <span class='ocrx_word' id='word_1_36' title='bbox 202 886 418 968; x_wconf 85' lang='lat' dir='ltr'><strong>imperitabat,</strong></span> <span class='ocrx_word' id='word_1_37' title='bbox 440 888 612 950; x_wconf 86' lang='lat' dir='ltr'><strong>subtractus</strong></span> <span class='ocrx_word' id='word_1_38' title='bbox 638 889 771 950; x_wconf 87' lang='lat' dir='ltr'><strong>militum</strong></span> <span class='ocrx_word' id='word_1_39' title='bbox 790 888 857 946; x_wconf 87' lang='lat' dir='ltr'><strong>irae</strong></span> <span class='ocrx_word' id='word_1_40' title='bbox 880 884 919 944; x_wconf 90' lang='lat' dir='ltr'><strong>ad</strong></span> <span class='ocrx_word' id='word_1_41' title='bbox 932 873 1158 966; x_wconf 76' lang='lat' dir='ltr'><strong>¹Vespasianum</strong></span> <span class='ocrx_word' id='word_1_42' title='bbox 1179 879 1255 942; x_wconf 85' lang='lat' dir='ltr'><strong>mis·</strong></span> 
     </span>
     <span class='ocr_line' id='line_1_6' title="bbox 178 971 1254 1074; baseline -0.005 -18"><span class='ocrx_word' id='word_1_43' title='bbox 178 983 261 1064; x_wconf 80' lang='lat' dir='ltr'><strong>5sus</strong></span> <span class='ocrx_word' id='word_1_44' title='bbox 283 1004 339 1060; x_wconf 84' lang='lat' dir='ltr'><strong>est.</strong></span> <span class='ocrx_word' id='word_1_45' title='bbox 380 994 561 1058; x_wconf 79' lang='lat' dir='ltr'><strong>Desiderato</strong></span> <span class='ocrx_word' id='word_1_46' title='bbox 582 971 637 1056; x_wconf 93' lang='lat' dir='ltr'><strong>diu</strong></span> <span class='ocrx_word' id='word_1_47' title='bbox 659 1015 709 1056; x_wconf 88' lang='lat' dir='ltr'><strong>res</strong></span> <span class='ocrx_word' id='word_1_48' title='bbox 731 993 982 1074; x_wconf 76' lang='lat' dir='ltr'>interpretatione</span> <span class='ocrx_word' id='word_1_49' title='bbox 1003 991 1176 1073; x_wconf 75' lang='lat' dir='ltr'><strong>gloriaeque</strong></span> <span class='ocrx_word' id='word_1_50' title='bbox 1194 1015 1213 1054; x_wconf 71' lang='lat' dir='ltr'><strong>e</strong></span> <span class='ocrx_word' id='word_1_51' title='bbox 1234 1009 1254 1051; x_wconf 76' lang='lat' dir='ltr'><strong>s</strong></span> 
     </span>
    </p>

    <p class='ocr_par' dir='ltr' id='par_1_5' title="bbox 168 1085 1256 1399">
     <span class='ocr_line' id='line_1_7' title="bbox 168 1085 1254 1190; baseline -0.008 -25"><span class='ocrx_word' id='word_1_52' title='bbox 168 1143 170 1148; x_wconf 68' lang='lat'>,</span> <span class='ocrx_word' id='word_1_53' title='bbox 209 1103 242 1164; x_wconf 91' lang='lat' dir='ltr'><strong>in</strong></span> <span class='ocrx_word' id='word_1_54' title='bbox 263 1105 363 1164; x_wconf 86' lang='lat' dir='ltr'><strong>rusius</strong></span> <span class='ocrx_word' id='word_1_55' title='bbox 383 1103 558 1184; x_wconf 79' lang='lat' dir='ltr'><strong>accipitur,</strong></span> <span class='ocrx_word' id='word_1_56' title='bbox 589 1111 754 1190; x_wconf 78' lang='lat' dir='ltr'><strong>postquam</strong></span> <span class='ocrx_word' id='word_1_57' title='bbox 781 1099 896 1162; x_wconf 79' lang='lat' dir='ltr'><strong>Galbae</strong></span> <span class='ocrx_word' id='word_1_58' title='bbox 921 1085 1072 1190; x_wconf 81' lang='lat' dir='ltr'><strong>imagines</strong></span> <span class='ocrx_word' id='word_1_59' title='bbox 1100 1095 1254 1158; x_wconf 83' lang='lat' dir='ltr'><strong>discordia</strong></span> 
     </span>
     <span class='ocr_line' id='line_1_8' title="bbox 208 1205 1256 1292; baseline -0.007 -19"><span class='ocrx_word' id='word_1_60' title='bbox 208 1221 390 1292; x_wconf 88' lang='lat' dir='ltr'><strong>temporum</strong></span> <span class='ocrx_word' id='word_1_61' title='bbox 420 1209 582 1272; x_wconf 86' lang='lat' dir='ltr'><strong>subversas</strong></span> <span class='ocrx_word' id='word_1_62' title='bbox 609 1212 641 1270; x_wconf 92' lang='lat' dir='ltr'><strong>in</strong></span> <span class='ocrx_word' id='word_1_63' title='bbox 676 1209 819 1270; x_wconf 89' lang='lat' dir='ltr'><strong>omnibus</strong></span> <span class='ocrx_word' id='word_1_64' title='bbox 847 1208 1021 1289; x_wconf 89' lang='lat' dir='ltr'><strong>municipiis</strong></span> <span class='ocrx_word' id='word_1_65' title='bbox 1048 1205 1141 1267; x_wconf 83' lang='lat' dir='ltr'><strong>recoli</strong></span> <span class='ocrx_word' id='word_1_66' title='bbox 1168 1206 1256 1266; x_wconf 90' lang='lat' dir='ltr'><strong>iussit</strong></span> 
     </span>
     <span class='ocr_line' id='line_1_9' title="bbox 213 1305 1256 1399; baseline -0.003 -22"><span class='ocrx_word' id='word_1_67' title='bbox 213 1305 384 1396; x_wconf 87' lang='lat' dir='ltr'><strong>Antonius,</strong></span> <span class='ocrx_word' id='word_1_68' title='bbox 415 1317 562 1380; x_wconf 86' lang='lat' dir='ltr'><strong>decorum</strong></span> <span class='ocrx_word' id='word_1_69' title='bbox 589 1339 647 1399; x_wconf 89' lang='lat' dir='ltr'><strong>pro</strong></span> <span class='ocrx_word' id='word_1_70' title='bbox 679 1336 767 1376; x_wconf 87' lang='lat' dir='ltr'><strong>causa</strong></span> <span class='ocrx_word' id='word_1_71' title='bbox 796 1326 899 1392; x_wconf 86' lang='lat' dir='ltr'><strong>ratus,</strong></span> <span class='ocrx_word' id='word_1_72' title='bbox 931 1317 956 1375; x_wconf 91' lang='lat' dir='ltr'><strong>si</strong></span> <span class='ocrx_word' id='word_1_73' title='bbox 984 1315 1109 1396; x_wconf 88' lang='lat' dir='ltr'><strong>placere</strong></span> <span class='ocrx_word' id='word_1_74' title='bbox 1140 1311 1256 1376; x_wconf 86' lang='lat' dir='ltr'><strong>Galbae</strong></span> 
     </span>
    </p>

    <p class='ocr_par' dir='ltr' id='par_1_6' title="bbox 172 1403 1258 1507">
     <span class='ocr_line' id='line_1_10' title="bbox 172 1403 1258 1507; baseline 0 -23"><span class='ocrx_word' id='word_1_75' title='bbox 172 1423 199 1504; x_wconf 87' lang='lat'>8</span> <span class='ocrx_word' id='word_1_76' title='bbox 212 1423 403 1506; x_wconf 85' lang='lat' dir='ltr'><strong>principatus</strong></span> <span class='ocrx_word' id='word_1_77' title='bbox 424 1434 456 1485; x_wconf 90' lang='lat' dir='ltr'><strong>et</strong></span> <span class='ocrx_word' id='word_1_78' title='bbox 475 1434 575 1507; x_wconf 90' lang='lat' dir='ltr'><strong>partes</strong></span> <span class='ocrx_word' id='word_1_79' title='bbox 605 1424 793 1486; x_wconf 88' lang='lat' dir='ltr'><strong>revirescere</strong></span> <span class='ocrx_word' id='word_1_80' title='bbox 821 1421 1034 1484; x_wconf 86' lang='lat' dir='ltr'><strong>crederentur.</strong></span> <span class='ocrx_word' id='word_1_81' title='bbox 1078 1403 1258 1502; x_wconf 73' lang='lat' dir='ltr'><strong>Quaesitum</strong></span> 
     </span>
    </p>

    <p class='ocr_par' dir='ltr' id='par_1_7' title="bbox 106 1529 1259 1826">
     <span class='ocr_line' id='line_1_11' title="bbox 106 1529 1257 1615; baseline -0.002 -25"><span class='ocrx_word' id='word_1_82' title='bbox 106 1593 108 1598; x_wconf 73' lang='grc'>,</span> <span class='ocrx_word' id='word_1_83' title='bbox 162 1559 199 1600; x_wconf 79' lang='lat'><strong>10</strong></span> <span class='ocrx_word' id='word_1_84' title='bbox 213 1530 286 1591; x_wconf 91' lang='lat' dir='ltr'><strong>inde</strong></span> <span class='ocrx_word' id='word_1_85' title='bbox 308 1531 386 1615; x_wconf 81' lang='lat' dir='ltr'><strong>qu&#39;ae</strong></span> <span class='ocrx_word' id='word_1_86' title='bbox 405 1531 491 1592; x_wconf 89' lang='lat' dir='ltr'><strong>sedes</strong></span> <span class='ocrx_word' id='word_1_87' title='bbox 512 1529 592 1592; x_wconf 90' lang='lat' dir='ltr'><strong>bello</strong></span> <span class='ocrx_word' id='word_1_88' title='bbox 615 1530 780 1614; x_wconf 79' lang='lat' dir='ltr'><strong>legeretur.</strong></span> <span class='ocrx_word' id='word_1_89' title='bbox 824 1530 950 1592; x_wconf 85' lang='lat' dir='ltr'><strong>Verona</strong></span> <span class='ocrx_word' id='word_1_90' title='bbox 971 1532 1075 1612; x_wconf 91' lang='lat' dir='ltr'><strong>potior</strong></span> <span class='ocrx_word' id='word_1_91' title='bbox 1096 1533 1176 1608; x_wconf 89' lang='lat' dir='ltr'><strong>visa,</strong></span> <span class='ocrx_word' id='word_1_92' title='bbox 1198 1553 1257 1613; x_wconf 87' lang='lat' dir='ltr'><strong>pa.</strong></span> 
     </span>
     <span class='ocr_line' id='line_1_12' title="bbox 209 1629 1257 1719; baseline -0.001 -21"><span class='ocrx_word' id='word_1_93' title='bbox 209 1638 346 1700; x_wconf 91' lang='lat' dir='ltr'><strong>tentibus</strong></span> <span class='ocrx_word' id='word_1_94' title='bbox 367 1637 482 1698; x_wconf 90' lang='lat' dir='ltr'><strong>circum</strong></span> <span class='ocrx_word' id='word_1_95' title='bbox 498 1635 613 1719; x_wconf 89' lang='lat' dir='ltr'><strong>campis</strong></span> <span class='ocrx_word' id='word_1_96' title='bbox 627 1635 668 1697; x_wconf 88' lang='lat' dir='ltr'><strong>ad</strong></span> <span class='ocrx_word' id='word_1_97' title='bbox 685 1629 1024 1719; x_wconf 64' lang='lat' dir='ltr'><strong>pugnam&#39;equestrem</strong></span> <span class='ocrx_word' id='word_1_98' title='bbox 1048 1653 1110 1716; x_wconf 86' lang='lat' dir='ltr'><strong>qua</strong></span> <span class='ocrx_word' id='word_1_99' title='bbox 1130 1655 1257 1716; x_wconf 55' lang='lat' dir='ltr'><strong>pruevas</strong></span> 
     </span>
     <span class='ocr_line' id='line_1_13' title="bbox 210 1723 1259 1826; baseline -0.001 -19"><span class='ocrx_word' id='word_1_100' title='bbox 210 1746 334 1807; x_wconf 75' lang='lat' dir='ltr'><strong>labante</strong></span> <span class='ocrx_word' id='word_1_101' title='bbox 359 1742 449 1806; x_wconf 86' lang='lat' dir='ltr'><strong>simul</strong></span> <span class='ocrx_word' id='word_1_102' title='bbox 471 1742 627 1804; x_wconf 89' lang='lat' dir='ltr'><strong>coloniam</strong></span> <span class='ocrx_word' id='word_1_103' title='bbox 649 1745 745 1826; x_wconf 88' lang='lat' dir='ltr'><strong>copiis</strong></span> <span class='ocrx_word' id='word_1_104' title='bbox 768 1723 1049 1810; x_wconf 85' lang='lat' dir='ltr'><strong>validamauferre</strong></span> <span class='ocrx_word' id='word_1_105' title='bbox 1070 1743 1196 1806; x_wconf 80' lang='lat' dir='ltr'><strong>Vitellio</strong></span> <span class='ocrx_word' id='word_1_106' title='bbox 1225 1745 1259 1806; x_wconf 90' lang='lat' dir='ltr'><strong>in</strong></span> 
     </span>
    </p>

    <p class='ocr_par' dir='ltr' id='par_1_8' title="bbox 213 1851 1258 1936">
     <span class='ocr_line' id='line_1_14' title="bbox 213 1851 1258 1936; baseline -0.002 -22"><span class='ocrx_word' id='word_1_107' title='bbox 213 1874 278 1914; x_wconf 89' lang='lat' dir='ltr'><strong>reru</strong></span> <span class='ocrx_word' id='word_1_108' title='bbox 299 1853 473 1934; x_wconf 79' lang='lat' dir='ltr'><strong>famamque</strong></span> <span class='ocrx_word' id='word_1_109' title='bbox 496 1851 673 1925; x_wconf 83' lang='lat' dir='ltr'><strong>videbatur.</strong></span> <span class='ocrx_word' id='word_1_110' title='bbox 715 1853 858 1915; x_wconf 89' lang='lat' dir='ltr'><strong>Possessa</strong></span> <span class='ocrx_word' id='word_1_111' title='bbox 879 1852 945 1936; x_wconf 88' lang='lat' dir='ltr'><strong>ipso</strong></span> <span class='ocrx_word' id='word_1_112' title='bbox 966 1853 1099 1914; x_wconf 89' lang='lat' dir='ltr'><strong>transitu</strong></span> <span class='ocrx_word' id='word_1_113' title='bbox 1112 1851 1258 1929; x_wconf 78' lang='lat' dir='ltr'><strong>Vicetia3</strong></span> 
     </span>
    </p>

    <p class='ocr_par' dir='ltr' id='par_1_9' title="bbox 163 1935 1260 2259">
     <span class='ocr_line' id='line_1_15' title="bbox 210 1935 1258 2049; baseline -0.003 -28"><span class='ocrx_word' id='word_1_114' title='bbox 210 1959 293 2044; x_wconf 89' lang='lat' dir='ltr'><strong>qued</strong></span> <span class='ocrx_word' id='word_1_115' title='bbox 313 1981 368 2042; x_wconf 85' lang='lat' dir='ltr'><strong>per</strong></span> <span class='ocrx_word' id='word_1_116' title='bbox 389 1981 419 2049; x_wconf 78' lang='lat' dir='ltr'><strong>se</strong></span> <span class='ocrx_word' id='word_1_117' title='bbox 433 1979 544 2041; x_wconf 89' lang='lat' dir='ltr'><strong>parum</strong></span> <span class='ocrx_word' id='word_1_118' title='bbox 565 1960 695 2041; x_wconf 82' lang='lat' dir='ltr'><strong>(etenim</strong></span> <span class='ocrx_word' id='word_1_119' title='bbox 715 1960 856 2022; x_wconf 89' lang='lat' dir='ltr'><strong>modicae</strong></span> <span class='ocrx_word' id='word_1_120' title='bbox 867 1960 1033 2042; x_wconf 86' lang='lat' dir='ltr'><strong>municipio</strong></span> <span class='ocrx_word' id='word_1_121' title='bbox 1050 1961 1142 2038; x_wconf 87' lang='lat' dir='ltr'><strong>vires)</strong></span> <span class='ocrx_word' id='word_1_122' title='bbox 1156 1935 1258 2040; x_wconf 79' lang='lat' dir='ltr'><strong>magni</strong></span> 
     </span>
     <span class='ocr_line' id='line_1_16' title="bbox 163 2065 1259 2150; baseline -0.001 -22"><span class='ocrx_word' id='word_1_123' title='bbox 163 2069 359 2139; x_wconf 82' lang='lat' dir='ltr'><strong>15rnomenti</strong></span> <span class='ocrx_word' id='word_1_124' title='bbox 380 2066 483 2128; x_wconf 90' lang='lat' dir='ltr'><strong>locum</strong></span> <span class='ocrx_word' id='word_1_125' title='bbox 504 2065 640 2138; x_wconf 84' lang='lat' dir='ltr'><strong>obtinuit</strong></span> <span class='ocrx_word' id='word_1_126' title='bbox 661 2069 876 2150; x_wconf 79' lang='lat' dir='ltr'><strong>reputantibus</strong></span> <span class='ocrx_word' id='word_1_127' title='bbox 899 2067 966 2129; x_wconf 90' lang='lat' dir='ltr'><strong>illic</strong></span> <span class='ocrx_word' id='word_1_128' title='bbox 986 2067 1150 2129; x_wconf 83' lang='lat' dir='ltr'><strong>Caecinam</strong></span> <span class='ocrx_word' id='word_1_129' title='bbox 1171 2069 1259 2148; x_wconf 83' lang='lat' dir='ltr'><strong>geni-</strong></span> 
     </span>
     <span class='ocr_line' id='line_1_17' title="bbox 212 2174 1260 2259; baseline 0.001 -22"><span class='ocrx_word' id='word_1_130' title='bbox 212 2187 278 2238; x_wconf 88' lang='lat' dir='ltr'><strong>tum</strong></span> <span class='ocrx_word' id='word_1_131' title='bbox 299 2185 330 2236; x_wconf 88' lang='lat' dir='ltr'><strong>et</strong></span> <span class='ocrx_word' id='word_1_132' title='bbox 350 2175 485 2256; x_wconf 87' lang='lat' dir='ltr'><strong>patriam</strong></span> <span class='ocrx_word' id='word_1_133' title='bbox 505 2174 642 2234; x_wconf 90' lang='lat' dir='ltr'><strong>hostium</strong></span> <span class='ocrx_word' id='word_1_134' title='bbox 672 2175 743 2237; x_wconf 90' lang='lat' dir='ltr'><strong>duci</strong></span> <span class='ocrx_word' id='word_1_135' title='bbox 771 2187 918 2259; x_wconf 88' lang='lat' dir='ltr'><strong>ereptam.</strong></span> <span class='ocrx_word' id='word_1_136' title='bbox 962 2177 999 2236; x_wconf 90' lang='lat' dir='ltr'><strong>ln</strong></span> <span class='ocrx_word' id='word_1_137' title='bbox 1029 2175 1260 2238; x_wconf 79' lang='lat' dir='ltr'><strong>Veronensibus</strong></span> 
     </span>
    </p>

    <p class='ocr_par' dir='ltr' id='par_1_10' title="bbox 179 2272 1259 2367">
     <span class='ocr_line' id='line_1_18' title="bbox 179 2272 1259 2367; baseline 0 -23"><span class='ocrx_word' id='word_1_138' title='bbox 179 2272 184 2276; x_wconf 59' lang='grc'><strong>’</strong></span> <span class='ocrx_word' id='word_1_139' title='bbox 213 2283 349 2367; x_wconf 90' lang='lat' dir='ltr'><strong>pretium</strong></span> <span class='ocrx_word' id='word_1_140' title='bbox 368 2281 445 2340; x_wconf 82' lang='lat' dir='ltr'><strong>suit:</strong></span> <span class='ocrx_word' id='word_1_141' title='bbox 468 2280 605 2362; x_wconf 81' lang='lat' dir='ltr'><strong>exemplo</strong></span> <span class='ocrx_word' id='word_1_142' title='bbox 628 2282 797 2363; x_wconf 88' lang='lat' dir='ltr'><strong>opibusque</strong></span> <span class='ocrx_word' id='word_1_143' title='bbox 816 2293 919 2364; x_wconf 86' lang='lat' dir='ltr'><strong>partes</strong></span> <span class='ocrx_word' id='word_1_144' title='bbox 942 2284 1056 2348; x_wconf 84' lang='lat' dir='ltr'><strong>iuvere.</strong></span> <span class='ocrx_word' id='word_1_145' title='bbox 1097 2282 1139 2345; x_wconf 91' lang='lat' dir='ltr'><strong>Et</strong></span> <span class='ocrx_word' id='word_1_146' title='bbox 1158 2284 1259 2345; x_wconf 88' lang='lat' dir='ltr'><strong>inter-</strong></span> 
     </span>
    </p>

    <p class='ocr_par' dir='ltr' id='par_1_11' title="bbox 155 2375 1260 2586">
     <span class='ocr_line' id='line_1_19' title="bbox 155 2375 1260 2473; baseline 0 -20"><span class='ocrx_word' id='word_1_147' title='bbox 155 2377 161 2381; x_wconf 29' lang='lat'><em>*</em></span> <span class='ocrx_word' id='word_1_148' title='bbox 214 2375 477 2463; x_wconf 46' lang='lat' dir='ltr'><strong>iectus&#39;exeroitue</strong></span> <span class='ocrx_word' id='word_1_149' title='bbox 499 2409 555 2470; x_wconf 86' lang='lat' dir='ltr'><strong>per</strong></span> <span class='ocrx_word' id='word_1_150' title='bbox 575 2386 717 2448; x_wconf 87' lang='lat' dir='ltr'><strong>Raetiam</strong></span> <span class='ocrx_word' id='word_1_151' title='bbox 739 2387 892 2472; x_wconf 88' lang='lat' dir='ltr'><strong>Iuliasque</strong></span> <span class='ocrx_word' id='word_1_152' title='bbox 912 2389 1029 2473; x_wconf 89' lang='lat' dir='ltr'><strong>Alpes;</strong></span> <span class='ocrx_word' id='word_1_153' title='bbox 1063 2410 1097 2451; x_wconf 89' lang='lat' dir='ltr'><strong>ac</strong></span> <span class='ocrx_word' id='word_1_154' title='bbox 1130 2411 1170 2452; x_wconf 88' lang='lat' dir='ltr'><strong>ne</strong></span> <span class='ocrx_word' id='word_1_155' title='bbox 1191 2411 1260 2473; x_wconf 89' lang='lat' dir='ltr'><strong>per·</strong></span> 
     </span>
     <span class='ocr_line' id='line_1_20' title="bbox 216 2487 1259 2586; baseline 0.004 -29"><span class='ocrx_word' id='word_1_156' title='bbox 216 2487 305 2558; x_wconf 84' lang='lat' dir='ltr'><strong>vium·</strong></span> <span class='ocrx_word' id='word_1_157' title='bbox 322 2493 375 2556; x_wconf 88' lang='lat' dir='ltr'><strong>illa</strong></span> <span class='ocrx_word' id='word_1_158' title='bbox 397 2493 586 2557; x_wconf 88' lang='lat' dir='ltr'><strong>Germanicis</strong></span> <span class='ocrx_word' id='word_1_159' title='bbox 612 2493 794 2556; x_wconf 86' lang='lat' dir='ltr'><strong>exercitibus</strong></span> <span class='ocrx_word' id='word_1_160' title='bbox 819 2495 917 2575; x_wconf 84' lang='lat' dir='ltr'><strong>foret,</strong></span> <span class='ocrx_word' id='word_1_161' title='bbox 939 2497 1123 2586; x_wconf 79' lang='lat' dir='ltr'><strong>obsepserat.</strong></span> <span class='ocrx_word' id='word_1_162' title='bbox 1170 2502 1259 2578; x_wconf 86' lang='lat' dir='ltr'><strong>Quae</strong></span> 
     </span>
    </p>

    <p class='ocr_par' dir='ltr' id='par_1_12' title="bbox 164 2589 1258 2700">
     <span class='ocr_line' id='line_1_21' title="bbox 164 2589 1258 2700; baseline 0.008 -38"><span class='ocrx_word' id='word_1_163' title='bbox 164 2621 203 2662; x_wconf 81' lang='lat' dir='ltr'><strong>ao</strong></span> <span class='ocrx_word' id='word_1_164' title='bbox 220 2589 323 2700; x_wconf 77' lang='lat' dir='ltr'><strong>ignara</strong></span> <span class='ocrx_word' id='word_1_165' title='bbox 337 2601 594 2688; x_wconf 83' lang='lat' dir='ltr'><strong>Vespasianoaut</strong></span> <span class='ocrx_word' id='word_1_166' title='bbox 613 2601 723 2664; x_wconf 83' lang='lat' dir='ltr'><strong>vetita:</strong></span> <span class='ocrx_word' id='word_1_167' title='bbox 744 2602 857 2687; x_wconf 87' lang='lat' dir='ltr'><strong>quippe</strong></span> <span class='ocrx_word' id='word_1_168' title='bbox 877 2603 1037 2688; x_wconf 84' lang='lat' dir='ltr'><strong>Aquileiae</strong></span> <span class='ocrx_word' id='word_1_169' title='bbox 1060 2608 1125 2671; x_wconf 86' lang='lat' dir='ltr'><strong>sisti</strong></span> <span class='ocrx_word' id='word_1_170' title='bbox 1141 2608 1258 2688; x_wconf 86' lang='lat' dir='ltr'><strong>bellum</strong></span> 
     </span>
    </p>
   </div>
   <div class='ocr_carea' id='block_1_4' title="bbox 201 2743 484 2778">
    <p class='ocr_par' dir='ltr' id='par_1_13' title="bbox 201 2743 484 2778">
     <span class='ocr_line' id='line_1_22' title="bbox 201 2743 484 2778; baseline 0.011 -3"><span class='ocrx_word' id='word_1_171' title='bbox 201 2743 484 2778; x_wconf 41' lang='lat' dir='ltr'><strong>&#39;Mo-2*</strong></span> 
     </span>
    </p>
   </div>
   <div class='ocr_carea' id='block_1_5' title="bbox 99 2767 1356 4094">
    <p class='ocr_par' dir='ltr' id='par_1_14' title="bbox 99 2767 1356 4094">
     <span class='ocr_line' id='line_1_23' title="bbox 725 2767 744 2811; baseline 0 0"><span class='ocrx_word' id='word_1_172' title='bbox 725 2767 744 2811; x_wconf 67' lang='lat' dir='ltr'><strong>‘t</strong></span> 
     </span>
     <span class='ocr_line' id='line_1_24' title="bbox 303 2853 1257 2944; baseline 0.003 -25"><span class='ocrx_word' id='word_1_173' title='bbox 303 2868 327 2919; x_wconf 89' lang='lat'><strong>5.</strong></span> <span class='ocrx_word' id='word_1_174' title='bbox 345 2866 509 2936; x_wconf 77' lang='lat' dir='ltr'><strong>gloriaeque</strong></span> <span class='ocrx_word' id='word_1_175' title='bbox 527 2867 617 2921; x_wconf 81' lang='lat' dir='ltr'><strong>maius</strong></span> <span class='ocrx_word' id='word_1_176' title='bbox 643 2867 738 2925; x_wconf 61' lang='lat' dir='ltr'><strong>Bw,</strong></span> <span class='ocrx_word' id='word_1_177' title='bbox 771 2869 832 2920; x_wconf 88' lang='lat' dir='ltr'><strong>edd.</strong></span> <span class='ocrx_word' id='word_1_178' title='bbox 860 2870 1007 2944; x_wconf 78' lang='lat' dir='ltr'><strong>gloriaque</strong></span> <span class='ocrx_word' id='word_1_179' title='bbox 1033 2871 1063 2924; x_wconf 87' lang='lat' dir='ltr'><strong>in</strong></span> <span class='ocrx_word' id='word_1_180' title='bbox 1090 2875 1178 2926; x_wconf 82' lang='lat' dir='ltr'><strong>maius</strong></span> <span class='ocrx_word' id='word_1_181' title='bbox 1197 2853 1257 2922; x_wconf 34' lang='lat' dir='ltr'><strong>&#39;aut</strong></span> 
     </span>
     <span class='ocr_line' id='line_1_25' title="bbox 213 2957 1256 3036; baseline 0.006 -26"><span class='ocrx_word' id='word_1_182' title='bbox 213 2957 325 3029; x_wconf 84' lang='lat' dir='ltr'><strong>gloriae</strong></span> <span class='ocrx_word' id='word_1_183' title='bbox 342 2959 373 3010; x_wconf 87' lang='lat' dir='ltr'><strong>in</strong></span> <span class='ocrx_word' id='word_1_184' title='bbox 390 2960 488 3011; x_wconf 74' lang='lat' dir='ltr'><strong>maius.</strong></span> <span class='ocrx_word' id='word_1_185' title='bbox 505 2992 538 3006; x_wconf 90' lang='lat'><em>-</em></span> <span class='ocrx_word' id='word_1_186' title='bbox 557 2963 649 3016; x_wconf 82' lang='lat' dir='ltr'><strong>Verba</strong></span> <span class='ocrx_word' id='word_1_187' title='bbox 671 2982 741 3036; x_wconf 89' lang='lat' dir='ltr'><strong>quae</strong></span> <span class='ocrx_word' id='word_1_188' title='bbox 761 2965 790 3016; x_wconf 87' lang='lat' dir='ltr'><strong>in</strong></span> <span class='ocrx_word' id='word_1_189' title='bbox 810 2963 982 3018; x_wconf 83' lang='lat' dir='ltr'><strong>editionibus</strong></span> <span class='ocrx_word' id='word_1_190' title='bbox 1000 2965 1129 3034; x_wconf 88' lang='lat' dir='ltr'><strong>leguntur</strong></span> <span class='ocrx_word' id='word_1_191' title='bbox 1156 2967 1256 3016; x_wconf 88' lang='lat' dir='ltr'><strong>iustam</strong></span> 
     </span>
     <span class='ocr_line' id='line_1_26' title="bbox 137 3045 1284 3129; baseline 0.009 -26"><span class='ocrx_word' id='word_1_192' title='bbox 137 3107 142 3114; x_wconf 60' lang='grc'><strong>,</strong></span> <span class='ocrx_word' id='word_1_193' title='bbox 210 3053 428 3125; x_wconf 83' lang='lat' dir='ltr'><strong>explicationem</strong></span> <span class='ocrx_word' id='word_1_194' title='bbox 445 3071 502 3107; x_wconf 88' lang='lat' dir='ltr'><strong>non</strong></span> <span class='ocrx_word' id='word_1_195' title='bbox 522 3045 688 3115; x_wconf 71' lang='lat' dir='ltr'><strong>admittente</strong></span> <span class='ocrx_word' id='word_1_196' title='bbox 716 3058 746 3112; x_wconf 92' lang='lat' dir='ltr'><strong>id</strong></span> <span class='ocrx_word' id='word_1_197' title='bbox 764 3067 856 3112; x_wconf 91' lang='lat' dir='ltr'><strong>autem</strong></span> <span class='ocrx_word' id='word_1_198' title='bbox 876 3059 952 3129; x_wconf 81' lang='lat' dir='ltr'><strong>quod</strong></span> <span class='ocrx_word' id='word_1_199' title='bbox 978 3065 1020 3111; x_wconf 85' lang='lat' dir='ltr'><strong>eat</strong></span> <span class='ocrx_word' id='word_1_200' title='bbox 1041 3059 1070 3109; x_wconf 87' lang='lat' dir='ltr'><strong>in</strong></span> <span class='ocrx_word' id='word_1_201' title='bbox 1089 3057 1166 3110; x_wconf 72' lang='lat' dir='ltr'><strong>Bltla</strong></span> <span class='ocrx_word' id='word_1_202' title='bbox 1197 3059 1254 3112; x_wconf 89' lang='lat' dir='ltr'><strong>lin·</strong></span> <span class='ocrx_word' id='word_1_203' title='bbox 1276 3065 1284 3072; x_wconf 90' lang='grc'><strong><em>”</em></strong></span> 
     </span>
     <span class='ocr_line' id='line_1_27' title="bbox 213 3149 1356 3224; baseline 0.006 -25"><span class='ocrx_word' id='word_1_204' title='bbox 213 3163 282 3218; x_wconf 80' lang='lat' dir='ltr'><strong>guqe</strong></span> <span class='ocrx_word' id='word_1_205' title='bbox 304 3149 411 3218; x_wconf 82' lang='lat' dir='ltr'><strong>legibus</strong></span> <span class='ocrx_word' id='word_1_206' title='bbox 430 3159 570 3222; x_wconf 82' lang='lat' dir='ltr'><strong>repugnat.</strong></span> <span class='ocrx_word' id='word_1_207' title='bbox 608 3153 723 3224; x_wconf 82' lang='lat' dir='ltr'><strong>Aliquid</strong></span> <span class='ocrx_word' id='word_1_208' title='bbox 749 3153 844 3208; x_wconf 86' lang='lat' dir='ltr'><strong>deesse</strong></span> <span class='ocrx_word' id='word_1_209' title='bbox 864 3155 933 3207; x_wconf 88' lang='lat' dir='ltr'><strong>mihi</strong></span> <span class='ocrx_word' id='word_1_210' title='bbox 953 3171 1010 3206; x_wconf 88' lang='lat' dir='ltr'><strong>non</strong></span> <span class='ocrx_word' id='word_1_211' title='bbox 1028 3153 1144 3206; x_wconf 87' lang='lat' dir='ltr'><strong>dubium</strong></span> <span class='ocrx_word' id='word_1_212' title='bbox 1169 3152 1255 3214; x_wconf 65' lang='lat' dir='ltr'><strong>lvide·</strong></span> <span class='ocrx_word' id='word_1_213' title='bbox 1349 3191 1356 3206; x_wconf 87' lang='lat'>.</span> 
     </span>
     <span class='ocr_line' id='line_1_28' title="bbox 159 3234 1254 3322; baseline 0.002 -27"><span class='ocrx_word' id='word_1_214' title='bbox 159 3239 170 3247; x_wconf 78' lang='grc'>”</span> <span class='ocrx_word' id='word_1_215' title='bbox 212 3253 265 3296; x_wconf 90' lang='lat' dir='ltr'><strong>tur.</strong></span> <span class='ocrx_word' id='word_1_216' title='bbox 301 3245 428 3299; x_wconf 80' lang='lat' dir='ltr'><strong>Fortasse</strong></span> <span class='ocrx_word' id='word_1_217' title='bbox 448 3246 503 3299; x_wconf 84' lang='lat' dir='ltr'><strong>luit</strong></span> <span class='ocrx_word' id='word_1_218' title='bbox 519 3234 686 3302; x_wconf 79' lang='lat' dir='ltr'><strong>Desiderato</strong></span> <span class='ocrx_word' id='word_1_219' title='bbox 703 3245 753 3300; x_wconf 87' lang='lat' dir='ltr'><strong>diu</strong></span> <span class='ocrx_word' id='word_1_220' title='bbox 780 3267 824 3305; x_wconf 81' lang='lat' dir='ltr'><strong>rer</strong></span> <span class='ocrx_word' id='word_1_221' title='bbox 843 3251 1074 3322; x_wconf 81' lang='lat' dir='ltr'><strong>interpretatione</strong></span> <span class='ocrx_word' id='word_1_222' title='bbox 1093 3247 1254 3316; x_wconf 79' lang='lat' dir='ltr'><strong>gloriaeque</strong></span> 
     </span>
     <span class='ocr_line' id='line_1_29' title="bbox 213 3337 1253 3416; baseline -0.003 -20"><span class='ocrx_word' id='word_1_223' title='bbox 213 3341 335 3396; x_wconf 79' lang='lat' dir='ltr'><strong>eitrsdem</strong></span> <span class='ocrx_word' id='word_1_224' title='bbox 355 3344 526 3409; x_wconf 81' lang='lat' dir='ltr'><strong>affectatione</strong></span> <span class='ocrx_word' id='word_1_225' title='bbox 544 3345 575 3398; x_wconf 88' lang='lat' dir='ltr'><strong>iu</strong></span> <span class='ocrx_word' id='word_1_226' title='bbox 593 3345 682 3396; x_wconf 78' lang='lat' dir='ltr'><strong>maius</strong></span> <span class='ocrx_word' id='word_1_227' title='bbox 698 3345 847 3416; x_wconf 80' lang='lat' dir='ltr'><strong>accipitur,</strong></span> <span class='ocrx_word' id='word_1_228' title='bbox 866 3354 917 3398; x_wconf 83' lang='lat' dir='ltr'><strong>cat.</strong></span> <span class='ocrx_word' id='word_1_229' title='bbox 953 3343 1119 3400; x_wconf 71' lang='lat' dir='ltr'><strong>Desiderato</strong></span> <span class='ocrx_word' id='word_1_230' title='bbox 1136 3337 1186 3396; x_wconf 84' lang='lat' dir='ltr'><strong>diu</strong></span> <span class='ocrx_word' id='word_1_231' title='bbox 1208 3359 1253 3394; x_wconf 84' lang='lat' dir='ltr'><strong>res</strong></span> 
     </span>
     <span class='ocr_line' id='line_1_30' title="bbox 212 3440 1313 3519; baseline 0.005 -27"><span class='ocrx_word' id='word_1_232' title='bbox 212 3445 255 3492; x_wconf 87' lang='lat' dir='ltr'><strong>est</strong></span> <span class='ocrx_word' id='word_1_233' title='bbox 272 3441 419 3503; x_wconf 85' lang='lat' dir='ltr'><strong>severitas,</strong></span> <span class='ocrx_word' id='word_1_234' title='bbox 439 3441 680 3511; x_wconf 84' lang='lat' dir='ltr'><strong>quam-Minucius</strong></span> <span class='ocrx_word' id='word_1_235' title='bbox 698 3443 789 3494; x_wconf 80' lang='lat' dir='ltr'><strong>tostus</strong></span> <span class='ocrx_word' id='word_1_236' title='bbox 812 3442 999 3508; x_wconf 82' lang='lat' dir='ltr'><strong>adhibuerat,</strong></span> <span class='ocrx_word' id='word_1_237' title='bbox 1025 3455 1161 3510; x_wconf 59' lang='lat' dir='ltr'><strong>quamque</strong></span> <span class='ocrx_word' id='word_1_238' title='bbox 1180 3440 1252 3493; x_wconf 77' lang='lat' dir='ltr'><strong>cives</strong></span> <span class='ocrx_word' id='word_1_239' title='bbox 1275 3448 1286 3518; x_wconf 28' lang='lat'><strong>&#39;¹</strong></span> <span class='ocrx_word' id='word_1_240' title='bbox 1309 3511 1313 3519; x_wconf 32' lang='grc' dir='ltr'><strong><em>Ι</em></strong></span> 
     </span>
     <span class='ocr_line' id='line_1_31' title="bbox 99 3522 1253 3610; baseline -0.003 -23"><span class='ocrx_word' id='word_1_241' title='bbox 99 3535 102 3538; x_wconf 76' lang='grc'>’</span> <span class='ocrx_word' id='word_1_242' title='bbox 200 3553 245 3591; x_wconf 68' lang='grc' dir='ltr'><strong>.αο</strong></span> <span class='ocrx_word' id='word_1_243' title='bbox 264 3538 445 3606; x_wconf 85' lang='lat' dir='ltr'><strong>provinciales</strong></span> <span class='ocrx_word' id='word_1_244' title='bbox 454 3529 502 3590; x_wconf 92' lang='lat' dir='ltr'><strong>diu</strong></span> <span class='ocrx_word' id='word_1_245' title='bbox 517 3536 745 3596; x_wconf 86' lang='lat' dir='ltr'><strong>desideraverant.</strong></span> <span class='ocrx_word' id='word_1_246' title='bbox 777 3539 917 3592; x_wconf 75' lang='lat' dir='ltr'><strong>Antonius</strong></span> <span class='ocrx_word' id='word_1_247' title='bbox 929 3522 1004 3610; x_wconf 87' lang='lat' dir='ltr'><strong>quod</strong></span> <span class='ocrx_word' id='word_1_248' title='bbox 1015 3535 1089 3586; x_wconf 86' lang='lat' dir='ltr'><strong>hunc</strong></span> <span class='ocrx_word' id='word_1_249' title='bbox 1104 3533 1138 3587; x_wconf 85' lang='lat' dir='ltr'><strong>ad</strong></span> <span class='ocrx_word' id='word_1_250' title='bbox 1149 3535 1253 3603; x_wconf 87' lang='lat' dir='ltr'><strong>Vespa-</strong></span> 
     </span>
     <span class='ocr_line' id='line_1_32' title="bbox 213 3611 1338 3702; baseline -0.001 -20"><span class='ocrx_word' id='word_1_251' title='bbox 213 3632 319 3684; x_wconf 80' lang='lat' dir='ltr'><strong>sianum</strong></span> <span class='ocrx_word' id='word_1_252' title='bbox 339 3611 430 3692; x_wconf 87' lang='lat' dir='ltr'><strong>misit,</strong></span> <span class='ocrx_word' id='word_1_253' title='bbox 448 3633 478 3684; x_wconf 92' lang='lat' dir='ltr'><strong>id</strong></span> <span class='ocrx_word' id='word_1_254' title='bbox 495 3634 597 3687; x_wconf 83' lang='lat' dir='ltr'><strong>facturn</strong></span> <span class='ocrx_word' id='word_1_255' title='bbox 615 3651 691 3698; x_wconf 87' lang='lat' dir='ltr'><strong>esse,</strong></span> <span class='ocrx_word' id='word_1_256' title='bbox 720 3641 751 3687; x_wconf 87' lang='lat' dir='ltr'><strong>ut</strong></span> <span class='ocrx_word' id='word_1_257' title='bbox 767 3636 907 3689; x_wconf 85' lang='lat' dir='ltr'><strong>Minucius</strong></span> <span class='ocrx_word' id='word_1_258' title='bbox 938 3631 1088 3684; x_wconf 85' lang='lat' dir='ltr'><strong>honorifica</strong></span> <span class='ocrx_word' id='word_1_259' title='bbox 1113 3614 1251 3702; x_wconf 81' lang='lat' dir='ltr'><strong>legatione</strong></span> <span class='ocrx_word' id='word_1_260' title='bbox 1292 3673 1299 3679; x_wconf 80' lang='lat'><em>.</em></span> <span class='ocrx_word' id='word_1_261' title='bbox 1336 3677 1338 3682; x_wconf 90' lang='grc'><em>,</em></span> 
     </span>
     <span class='ocr_line' id='line_1_33' title="bbox 115 3725 1253 3803; baseline -0.002 -27"><span class='ocrx_word' id='word_1_262' title='bbox 115 3796 120 3803; x_wconf 26' lang='lat'>¹</span> <span class='ocrx_word' id='word_1_263' title='bbox 187 3795 190 3801; x_wconf 29' lang='grc' dir='ltr'>Ι</span> <span class='ocrx_word' id='word_1_264' title='bbox 212 3730 364 3795; x_wconf 88' lang='lat' dir='ltr'><strong>praemium</strong></span> <span class='ocrx_word' id='word_1_265' title='bbox 384 3729 493 3782; x_wconf 87' lang='lat' dir='ltr'><strong>virtutis</strong></span> <span class='ocrx_word' id='word_1_266' title='bbox 512 3729 615 3795; x_wconf 84' lang='lat' dir='ltr'><strong>ferret,</strong></span> <span class='ocrx_word' id='word_1_267' title='bbox 633 3731 881 3799; x_wconf 86' lang='lat' dir='ltr'><strong>interpretabatur;</strong></span> <span class='ocrx_word' id='word_1_268' title='bbox 908 3731 991 3781; x_wconf 87' lang='lat' dir='ltr'><strong>simul</strong></span> <span class='ocrx_word' id='word_1_269' title='bbox 1017 3727 1132 3782; x_wconf 86' lang='lat' dir='ltr'><strong>eandem</strong></span> <span class='ocrx_word' id='word_1_270' title='bbox 1151 3725 1253 3780; x_wconf 87' lang='lat' dir='ltr'><strong>sevcri-</strong></span> 
     </span>
     <span class='ocr_line' id='line_1_34' title="bbox 153 3808 1315 3898; baseline -0.003 -26"><span class='ocrx_word' id='word_1_271' title='bbox 153 3852 167 3860; x_wconf 50' lang='grc' dir='ltr'><em>ι</em></span> <span class='ocrx_word' id='word_1_272' title='bbox 213 3823 279 3872; x_wconf 87' lang='lat' dir='ltr'><strong>tatis</strong></span> <span class='ocrx_word' id='word_1_273' title='bbox 300 3825 413 3892; x_wconf 86' lang='lat' dir='ltr'><strong>gloriam</strong></span> <span class='ocrx_word' id='word_1_274' title='bbox 430 3826 470 3878; x_wconf 89' lang='lat' dir='ltr'><strong>ita</strong></span> <span class='ocrx_word' id='word_1_275' title='bbox 490 3827 635 3890; x_wconf 82' lang='lat' dir='ltr'><strong>affectavit,</strong></span> <span class='ocrx_word' id='word_1_276' title='bbox 656 3833 687 3878; x_wconf 89' lang='lat' dir='ltr'><strong>ut</strong></span> <span class='ocrx_word' id='word_1_277' title='bbox 705 3825 818 3891; x_wconf 87' lang='lat' dir='ltr'><strong>Galbae,</strong></span> <span class='ocrx_word' id='word_1_278' title='bbox 839 3808 1052 3880; x_wconf 54' lang='lat' dir='ltr'><strong>severi‘scilicet</strong></span> <span class='ocrx_word' id='word_1_279' title='bbox 1069 3819 1253 3898; x_wconf 78' lang='lat' dir='ltr'><strong>imperatoris,</strong></span> <span class='ocrx_word' id='word_1_280' title='bbox 1312 3821 1315 3828; x_wconf 86' lang='grc'><strong>’</strong></span> 
     </span>
     <span class='ocr_line' id='line_1_35' title="bbox 214 3907 1012 3995; baseline 0.011 -23"><span class='ocrx_word' id='word_1_281' title='bbox 214 3909 396 3988; x_wconf 86' lang='lat' dir='ltr'><strong>principatum</strong></span> <span class='ocrx_word' id='word_1_282' title='bbox 417 3923 470 3978; x_wconf 87' lang='lat' dir='ltr'><strong>sibi</strong></span> <span class='ocrx_word' id='word_1_283' title='bbox 490 3925 597 3995; x_wconf 80' lang='lat' dir='ltr'><strong>plaeere</strong></span> <span class='ocrx_word' id='word_1_284' title='bbox 616 3933 775 3980; x_wconf 84' lang='lat' dir='ltr'><strong>ostentaret.</strong></span> <span class='ocrx_word' id='word_1_285' title='bbox 1010 3907 1012 3911; x_wconf 18' lang='grc' dir='ltr'>ι</span> 
     </span>
     <span class='ocr_line' id='line_1_36' title="bbox 287 4019 1309 4094; baseline -0.016 -23"><span class='ocrx_word' id='word_1_286' title='bbox 287 4021 317 4072; x_wconf 78' lang='grc'><strong>18</strong></span> <span class='ocrx_word' id='word_1_287' title='bbox 341 4021 536 4090; x_wconf 83' lang='lat' dir='ltr'><strong>perllacu&#39;am]</strong></span> <span class='ocrx_word' id='word_1_288' title='bbox 553 4024 643 4094; x_wconf 68' lang='lat' dir='ltr'><strong>fitium</strong></span> <span class='ocrx_word' id='word_1_289' title='bbox 654 4021 707 4078; x_wconf 61' lang='lat' dir='ltr'><strong>Ma.</strong></span> <span class='ocrx_word' id='word_1_290' title='bbox 717 4019 791 4074; x_wconf 87' lang='lat' dir='ltr'><strong>Idem</strong></span> <span class='ocrx_word' id='word_1_291' title='bbox 800 4036 827 4090; x_wconf 90' lang='lat' dir='ltr'><strong>p.</strong></span> <span class='ocrx_word' id='word_1_292' title='bbox 842 4019 930 4089; x_wconf 76' lang='lat' dir='ltr'><strong>r38‚9.</strong></span> <span class='ocrx_word' id='word_1_293' title='bbox 949 4032 1053 4089; x_wconf 80' lang='lat' dir='ltr'><strong>partes,</strong></span> <span class='ocrx_word' id='word_1_294' title='bbox 1064 4031 1118 4069; x_wconf 87' lang='lat' dir='ltr'><strong>uon</strong></span> <span class='ocrx_word' id='word_1_295' title='bbox 1129 4021 1190 4081; x_wconf 78' lang='lat' dir='ltr'><strong>post</strong></span> <span class='ocrx_word' id='word_1_296' title='bbox 1204 4022 1255 4058; x_wconf 79' lang='lat' dir='ltr'><strong>ras.</strong></span> <span class='ocrx_word' id='word_1_297' title='bbox 1304 4035 1309 4040; x_wconf 94' lang='lat'><em>-</em></span> 
     </span>
    </p>
   </div>
   <div class='ocr_carea' id='block_1_6' title="bbox 0 0 1460 4730">
    <p class='ocr_par' dir='ltr' id='par_1_15' title="bbox 0 0 1460 4730">
     <span class='ocr_line' id='line_1_37' title="bbox 0 0 1460 4730; baseline 0 0"><span class='ocrx_word' id='word_1_298' title='bbox 0 0 1460 4730; x_wconf 95' lang='lat' dir='ltr'><strong> </strong></span> 
     </span>
    </p>
   </div>
  </div>
 </body>
</html>
