2886 4726
226 379 286 448 184
594 379 882 442 uts‘soutancn

60 591 86 642 [ἢ
107 579 293 665 2⁶9⁰?ss
313 567 459 620 ornarent
477 561 577 640 potius
593 582 684 642 quarn
705 571 864 641 augerent.
905 557 1004 620 Isdem
1024 577 1133 620 rursus
1158 561 1253 620 vesti·

66 651 71 658 ’
216 668 275 749 giis
294 667 389 727 situm
406 677 469 743 est,
491 679 649 749 postquam
671 671 826 729 interiecto
845 667 1139 750 quadriugmtormu
1156 669 1251 748 qnin-
1348 703 1354 716 ·

217 776 316 836 decim
336 797 487 836 annorum
509 779 606 857 spatio
629 778 724 836 Lucio
743 778 885 858 Scipione
904 777 982 836 Gaio
1000 776 1143 838 Norbano
1172 797 1249 836 cou-

216 883 334 945 sulibus
362 883 556 965 flagraverat.
596 885 709 944 Curam
740 886 840 944 victor
859 882 945 944 Sulla
972 885 1120 963 suscepit,
1149 903 1249 963 neque

215 1005 316 1052 tamen
338 992 507 1054 dedicavit:
538 992 595 1051 boc
626 992 725 1052 solnm
745 991 882 1052 felicitati
906 992 972 1052 eius
991 1001 1144 1073 negatum.
1185 991 1281 1062 lac-5

213 1099 280 1158 tatii
302 1097 403 1158 Catuli
422 1119 532 1160 nomen
554 1099 633 1158 iuter
659 1109 743 1158 tanta
762 1101 928 1159 Caesarum
956 1117 1053 1179 opera
1081 1118 1180 1179 usque
1206 1099 1246 1158 ad

195 1187 370 1266 'Vitellium
401 1209 520 1267 mansit.
560 1175 710 1266 Ednsunc
736 1207 826 1267 aedes
853 1208 1059 1268 cremabatur.
1100 1207 1160 1267 Sed
1179 1207 1245 1288 plus
1256 1197 1309 1276 73

212 1316 335 1398 pavoris
355 1315 483 1376 obsessis
502 1337 595 1395 quam
614 1316 824 1376 obsessoribus
844 1318 956 1376 intulit.
1000 1318 1122 1396 Quippe
1147 1317 1246 1376 Vitel-

211 1419 311 1480 lianus
331 1419 417 1480 miles
439 1440 539 1501 neque
556 1431 623 1478 astu
646 1441 748 1501 neque
767 1427 938 1481 constantia
953 1420 1033 1480 inter
1052 1421 1146 1482 dubia
1166 1424 1244 1483 indi-

210 1528 320 1604 gebat:
339 1548 375 1586 ex
396 1526 515 1588 diverso
537 1527 646 1609 trepidi
669 1529 791 1598 milites,
815 1527 876 1586 dux
894 1529 995 1608 segnis
1014 1537 1046 1587 et
1065 1528 1151 1588 velut
1170 1551 1241 1610 cap·
1254 1557 1292 1596 ro

172 1713 179 1722 ·
209 1645 259 1694 tus
278 1635 393 1712 animi,
415 1657 474 1696 noo
497 1633 600 1718 lingua
620 1658 680 1697 non
704 1637 828 1698 auribus
845 1647 1033 1718 competere3
1055 1657 1154 1718 neque
1171 1637 1243 1697 alie-

209 1747 257 1804 nis
276 1743 410 1805 consiliis
430 1747 492 1824 regi
513 1765 613 1826 oeque
632 1765 688 1804 sua
708 1744 866 1824 expedire,
890 1743 953 1802 hnc
971 1741 1045 1802 illuc
1060 1740 1243 1803 'clamoribus

208 1852 340 1914 bostium
362 1855 546 1938 circumagi3
580 1878 659 1939 quae
679 1859 810 1916 iusserat
844 1865 967 1926 vetare,
996 1875 1076 1935 quae
1103 1861 1243 1912 vetuerat

206 1960 321 2046 iubere.
363 1963 453 2041 Mox,
473 1963 556 2045 quod
576 1966 606 2023 in
631 1963 760 2045 perditis
780 1961 873 2022 rebus
884 1959 1006 2038 accidit,
1027 1981 1134 2019 omnes
1152 1981 1239 2040 prae-

206 2072 324 2151 cipere,
346 2091 435 2133 oemo
458 2075 587 2155 exsequi.
630 2070 794 2132 Postremo
817 2069 942 2128 abiectis
964 2070 1057 2128 armis
1075 2068 1175 2146 fugam
1208 2068 1287 2130 etr5

204 2177 328 2241 fallendi
358 2192 438 2244 artes
469 2180 777 2263 circumspectabant.
821 2181 1003 2259 irrumpunt
1023 2175 1179 2236 Vitelliani
1206 2187 1239 2236 ct

139 2302 145 2316 ¹
205 2298 314 2348 cuncta
333 2291 478 2373 sanguiue
499 2291 584 2350 ferro
606 2289 796 2372 flammisque
824 2289 963 2355 miscent.
1004 2287 1098 2346 Pauci
1125 2283 1238 2344 milita-

204 2391 284 2451 rium
307 2395 455 2472 virorum,
479 2395 559 2454 inter
579 2417 655 2476 quos
676 2399 805 2454 maxime
826 2393 959 2473 insignes
982 2391 1237 2453 Corneliusblar·

204 2497 299 2572 tialis,
320 2497 466 2557 Aemilius
487 2499 649 2574 Pacensis,
672 2501 831 2578 Casperius
853 2498 967 2579 Niger,
989 2499 1099 2559 Didius
1111 2501 1234 2577 Scaeva,

201 2621 334 2684 pugnam
368 2607 433 2664 ausi
461 2605 692 2666 obtruncantur.
734 2607 874 2666 Flavium
903 2607 1051 2669 Sabinum
1086 2609 1234 2669 inermem
1244 2639 1289 2680 20

201 2727 301 2788 neque
321 2707 423 2790 sugam
443 2720 638 2792 coeptantem
659 2709 908 2788 circumsistunt,
930 2724 961 2772 et
978 2715 1141 2792 Quintium
1154 2721 1235 2779 Atti·

200 2833 271 2874 cum
293 2816 467 2896 consulem,
496 2819 605 2880 umbra
639 2820 764 2880 honoris
784 2831 815 2881 et
835 2833 954 2884 suamet
985 2831 1119 2887 vanitate
1147 2850 1234 2888 mou·

201 2930 351 3000 stratum,
372 2922 455 3006 quod
474 2925 572 2986 edicta
592 2927 623 2986 in
648 2925 799 3006 populum
820 2918 877 3008 pro
902 2930 1092 3013 Vespasiano
1115 2938 1231 3016 magni-

200 3025 274 3100 lica,
296 3031 446 3110 probrosa
467 3033 611 3095 adversus
632 3033 789 3094 Vitellium
810 3038 935 3100 iecerat.
980 3043 1079 3102 Ceteri
1102 3067 1155 3124 per
1177 3065 1230 3103 va.
1294 3056 1298 3064 ’

199 3135 265 3196 rios
284 3140 506 3220 casuselapsi,
530 3139 655 3221 quidam
676 3141 775 3200 servili
807 3143 934 3220 babitu,
966 3148 1017 3205 alii
1043 3149 1104 3208 lide
1136 3151 1284 3212 elien-25

196 3243 273 3302 tium
294 3250 423 3308 conteni
444 3257 474 3307 et
494 3249 575 3310 inter
596 3250 731 3310 sarcinas
752 3250 857 3312 abditi.
900 3253 999 3314 Fuere
1020 3259 1072 3336 qui
1105 3232 1230 3339 exceplo

198 3347 429 3416 Vitellianorum
450 3353 560 3437 signo,
581 3377 642 3438 quo
664 3357 741 3416 inter
760 3380 792 3418 se
810 3360 1030 3437 noscebantur,
1051 3363 1133 3422 ultro
1148 3368 1230 3446 rogi-

197 3466 297 3519 tantes
318 3464 571 3546 respondentesve
588 3463 744 3524 audaciam
763 3488 820 3548 pro
840 3465 959 3530 latebra
980 3468 1141 3530 haberent.
1159 3473 1225 3530 Do·
1240 3467 1297 3550 74

195 3563 338 3628 mitianus
359 3575 457 3650 prima
482 3573 650 3654 irruptione
673 3573 755 3652 apud
776 3576 932 3636 aedituum
952 3577 1121 3640 occultatus
1133 3625 1143 3656 ,
1163 3577 1227 3638 sol.

197 3671 286 3734 lertia
319 3673 419 3737 liberti
448 3676 529 3738 lineo
563 3677 676 3738 amictu
705 3680 813 3740 turbae
834 3684 1049 3746 sacricolarum
1074 3686 1280 3750 immixtusbo
1334 3693 1337 3695 ’

195 3779 425 3858 ignoratusque,
443 3784 522 3864 apud
546 3780 721 3844 Cornelium
743 3786 879 3846 Primum
899 3799 1057 3868 paternum
1082 3789 1225 3861 clientem

195 3885 274 3944 iusta
298 3885 463 3947 Velabrum
484 3889 616 3949 delituit.
658 3889 703 3950 Ac
724 3895 858 3971 potiente
871 3915 971 3953 rerum
992 3906 1087 3974 patre,
1098 3896 1223 3956 disiecto

197 3988 309 4051 aeditui
335 3995 557 4072 contubernio,
583 3996 732 4058 modicum
753 3997 895 4060 sacellum
926 4002 990 4070 lovi
1010 4006 1221 4064 conservatori
