2912 4730
262 419 318 480 150
479 425 486 441 '
631 410 916 531 ursromnuon

98 605 124 673 (a
140 603 170 654 C.
191 603 242 676 69.)
258 595 481 676 recentiumque
502 591 686 670 admonens,
716 605 751 654 nt
772 594 828 654 sub
852 595 959 652 Marco
980 589 1118 651 Antonio
1138 579 1286 668 Parthos,

231 703 313 763 'sub
341 699 515 760 Corbulone
548 698 726 776 Armenios,
766 719 865 781 nuper
906 698 1059 758 Sarmatas
1089 692 1288 774 pepulissent.

255 811 327 872 Mox
346 808 492 868 infensius
511 806 709 887 praetorianis
731 809 833 885 „vos“
857 805 959 887 inquit
976 801 1062 884 „nisi
1080 801 1210 876 vincitis,
1234 823 1289 882 pa-.
1360 810 1364 820 ·

182 969 184 973 ,
229 954 230 958 =
256 917 346 999 gani,
379 917 448 996 quis
476 915 552 976 alins
577 915 764 996 imperator,
798 933 876 996 qnae
906 923 1003 973 castra
1031 909 1092 970 alia
1114 909 1290 989 excipient?

256 1021 317 1084 illic
339 1023 423 1104 signa
444 1041 590 1103 armaque
611 1032 712 1094 vestra
731 1032 814 1096 sunt,
837 1031 868 1081 et
888 1041 972 1082 mors
984 1019 1090 1078 vietis:
1111 1037 1183 1076 nam
1199 1015 1317 1098 igno-5

196 1177 198 1191 .
254 1130 381 1192 minium
415 1131 677 1211 consumpsistis.“
727 1128 876 1210 Undique
913 1129 1050 1204 elamor3
1083 1133 1114 1184 et
1140 1125 1288 1184 orientem

256 1239 352 1299 solem
376 1240 429 1315 (ita
448 1240 478 1298 in
502 1237 593 1320 Syria
622 1258 688 1296 mos
718 1240 773 1312 est)
804 1239 928 1298 tertiani
960 1235 1142 1297 salutavere.
1184 1219 1356 1314 Vagusffi

256 1344 348 1421 inde,
369 1366 408 1404 an
430 1345 555 1404 consilio
576 1343 662 1402 ducis
682 1342 823 1402 subditus
843 1365 964 1420 rumor,
997 1340 1153 1402 advenisse
1174 1339 1291 1399 Mucia·

257 1453 508 1528 num‚exe1·citus
530 1449 562 1508 in
585 1439 684 1508 vicem
704 1448 858 1510 salutasse.
899 1449 1037 1508 Gradum
1056 1429 1291 1528 inieruntquasi
1344 1447 1348 1454 “

257 1555 431 1618 recentibus
450 1551 568 1614 au'xiliis
593 1555 690 1632 ancti,
709 1553 842 1614 ‘rariore
873 1555 933 1612 iam
954 1550 1188 1613 Vitellianorum
1217 1554 1289 1632 acie,
1303 1534 1345 1621 ω’

258 1675 294 1725 ut
316 1683 392 1745 quos
411 1661 497 1723 nullo
528 1672 752 1724 ructaremus
780 1681 932 1744 quemque
958 1661 1090 1742 impetus
1119 1660 1168 1722 vel
1196 1682 1291 1743 pavor

257 1770 452 1842 contraheret
473 1769 677 1832 diduceretve.
720 1772 892 1854 Postquam
909 1767 1010 1852 pulsos
1025 1769 1116 1828 sensit
1125 1771 1289 1847 Antonius,

210 1947 212 1950 ,
258 1879 352 1940 denso
363 1877 483 1959 agmine
494 1879 696 1940 obturbabat.
720 1880 825 1941 Laxati
835 1880 957 1940 ordines
969 1879 1213 1961 abrumpuntur3
1235 1899 1291 1938 neo

260 1985 379 2048 restitui
395 1985 519 2066 quivere
539 1979 778 2066 impedientibus
800 1983 949 2044 vehiculis
969 1987 1197 2065 tormentisque.
1234 1987 1291 2045 Per

258 2091 385 2157 limitem
404 2094 473 2153 viae
493 2103 676 2176 sparguntur
707 2093 898 2154 festinatione
929 2091 1121 2152 consectandi
1145 2093 1288 2154 victores·
1302 2083 1337 2164 is

258 2200 307 2262 Eo
329 2197 492 2260 notabilior
513 2199 618 2262 caedes
650 2201 730 2272 fuit,
766 2203 838 2282 quia
864 2201 944 2260 filins
975 2209 1094 2281 patrem
1124 2198 1287 2260 interfecit.

259 2309 335 2370 Rem
357 2311 538 2388 nominaque
561 2319 684 2371 auctore
704 2309 855 2391 Vipstano
877 2307 1004 2370 Messala
1024 2307 1155 2370 tradam.
1197 2306 1291 2368 lolius

261 2417 437 2478 Mansuetus
458 2439 492 2476 ex
513 2417 671 2498 Hispania,
693 2421 806 2501 Rapaci
828 2419 938 2500 legioni
973 2416 1110 2495 additus,
1135 2415 1288 2498 impubem

261 2520 360 2582 filium
379 2521 463 2596 dqmi
488 2521 629 2602 liquerat.
674 2525 701 2582 ls
723 2523 950 2596 incredulum,
972 2523 1053 2582 inter
1072 2523 1288 2604 septimanosa

261 2627 359 2688 Galba
379 2629 591 2708 conscriptus,
611 2629 747 2690 oblatum
768 2631 849 2688 sorte
867 2638 984 2708 patrem
1012 2641 1043 2689 et
1062 2629 1189 2692 volnere
1208 2639 1337 2692 stra-ao

261 2747 327 2794 tum
346 2734 419 2794 dum
439 2735 644 2796 semianimem
661 2745 835 2825 scrutatur,
872 2737 989 2815 agnitus
1011 2758 1235 2820 agnoscensque
1260 2745 1290 2796 et

263 2858 441 2918 exsanguem
462 2839 626 2919 amplexus,
650 2859 727 2898 voce
747 2839 837 2901 llebili
859 2840 1039 2920 precabatur
1055 2844 1187 2925 placatos
1200 2846 1289 2926 patris

263 2967 385 3024 manes,
408 2965 485 3006 neve
505 2960 536 3004 se
556 2955 593 3005 ut
612 2944 794 3026 parricidam
826 2961 1054 3012 aversarentur:
1081 2949 1237 3032 publicum
1258 2951 1289 3009 id

264 3055 402 3133 surium
424 3064 455 3113 et
475 3069 571 3111 unum
592 3049 719 3112 militem
739 3063 864 3132 quotam
885 3056 1019 3116 civilium
1041 3078 1199 3134 armorum
1220 3077 1289 3138 par·
1435 3135 1436 3140 η

178 3195 180 3200 ,
263 3166 346 3220 tem?
364 3160 451 3221 simul
472 3158 612 3220 attollere
628 3179 745 3241 corpus,
766 3153 882 3242 aperire
905 3163 1041 3240 humum,
1062 3185 1202 3243 supremo
1218 3157 1336 3247 erga25

264 3277 423 3346 parentem
441 3259 539 3328 officio
559 3266 654 3348 fungi.
697 3266 865 3330 Advertere
883 3269 1024 3350 proximi,
1045 3268 1155 3328 deinde
1170 3271 1287 3350 plures:
1435 3249 1436 3272 l

264 3370 336 3430 hino
356 3395 409 3456 per
429 3397 551 3438 omnem
568 3377 663 3436 aciem
684 3375 862 3463 miraculum
877 3389 907 3438 et
936 3387 1058 3460 questus
1087 3387 1117 3436 et
1127 3379 1291 3466 saevissimi

264 3475 337 3540 belli
365 3485 539 3550 exsecratio.
581 3483 642 3544 Neo
666 3505 701 3545 eo
719 3488 836 3567 segnius
855 3485 1041 3568 propinquos
1062 3483 1159 3547 affinis
1180 3487 1291 3550 fratres

266 3585 431 3649 trucidatos
444 3591 593 3672 spoliant3
614 3591 728 3652 factum
740 3615 802 3654 esse
816 3593 914 3653 scelus
926 3593 1091 3674 loquuntur
1103 3594 1289 3678 faciuntque.

348 3697 392 3758 Ut
413 3699 594 3759 Cremonam
629 3721 759 3780 venere,
795 3720 906 3760 novum
939 3701 1180 3784 immensumque
1213 3681 1353 3786 opusssb

339 3943 376 3978 η.
397 3923 566 3979 diduceretve
588 3926 710 3994 Lipsius:
733 3925 837 3978 codices
854 3924 1003 3980 duceretur.

341 4037 379 4091 ²9·
401 4019 536 4075 trucidari
555 4021 605 4074 Ma.
626 4023 702 4072 Cous.
721 4027 785 4073 note
807 4022 841 4074 ad
859 4022 880 4085 l,
898 4041 940 4093 ⁹9·
