2914 4724
539 335 613 478 itu.
646 418 672 478 l.
698 416 792 479 cAP.
819 421 953 485 tlt-ea.
1220 419 1262 485 89
1336 447 1337 454 “

230 606 259 656 et
280 596 428 677 pertinaci
450 617 506 678 pro
527 595 648 656 Nerone
668 593 728 656 fide
746 593 874 656 secanda
895 593 1078 658 rumoribus.
1122 593 1181 658 Sed
1192 595 1261 678 plu·
1274 600 1304 676 (a
1325 596 1352 652 C·
1366 595 1421 688 ⁶92)

228 704 303 763 rima
324 701 362 762 ad
383 701 556 784 lingendum
576 699 825 781 credendumque
841 701 980 759 materies
1001 701 1032 760 in
1053 701 1123 782 ipsis
1142 703 1262 785 eastris,
1291 773 1294 782 Ι

166 795 299 878 bbodio
321 821 418 886 metu,
443 817 473 867 et
494 808 546 872 ubi
567 808 646 867 vires
666 827 735 868 suas
757 815 957 886 respexerant,
981 808 1154 868 securitate.
1196 810 1260 870 Sub

217 921 306 1000 -ipsas
327 917 494 998 superioris
515 917 588 976 anni
623 914 764 976 calendas
785 915 969 976 Decembres
992 915 1088 974 Aulus
1119 915 1262 977 Vitellius

201 1017 404 1084 5inferiorem
444 1021 640 1082 Germaniam
673 1022 827 1099 ingressus
855 1020 980 1080 hiberna
1012 1021 1161 1104 legionum
1193 1045 1262 1084 cnm

227 1155 299 1193 cura
322 1131 453 1192 adierat.
499 1128 618 1188 Redditi
640 1125 788 1208 plerisque
812 1128 951 1204 ordines,
980 1131 1101 1188 remissa
1130 1133 1261 1212 ignomi-

228 1239 295 1314 nia,
318 1237 473 1300 adlevatae
493 1245 598 1312 notae,
619 1233 706 1316 plura
729 1235 910 1311 ambitione,
948 1237 1094 1316 quaedam
1125 1237 1265 1315 indicias

180 1343 181 1349 '
228 1345 259 1404 in
284 1343 396 1425 quibus
417 1343 536 1404 sordem
558 1353 588 1402 et
610 1341 773 1404 avaritiam
799 1343 921 1402 Fonteii
945 1343 1102 1424 Capitonis
1122 1345 1261 1404 adimen-

228 1450 271 1512 dis
292 1451 512 1531 assignandisve
533 1451 657 1523 militiae
676 1440 837 1512 ordinibus
857 1455 973 1532 integre
992 1463 1170 1517 metaverat.
1201 1453 1261 1514 Nec

185 1559 393 1620 roconsularis
416 1559 506 1640 legati
529 1581 691 1637 mensura,
727 1559 779 1620 sed
810 1555 969 1620 in'mains
999 1563 1101 1622 omnia
1132 1562 1265 1650 accipie·¹

225 1663 356 1724 bantur:
383 1675 416 1724 ut
430 1663 571 1724 Vitellius
583 1666 665 1745 apud
687 1687 810 1750 severos
830 1666 964 1742 humilis,
987 1669 1028 1726 ita
1049 1669 1222 1728 comitatem
1243 1699 1261 1737 a

225 1769 446 1851 bonitatemque
468 1769 607 1831 faventes
629 1772 779 1833 vocabant
801 1770 884 1852 quod
902 1771 967 1832 sine
985 1772 1092 1852 modo,
1127 1775 1190 1834 sine
1211 1779 1259 1834 iu.

225 1876 304 1938 dicio
327 1877 454 1938 donaret
477 1900 550 1958 sua,
581 1878 745 1960 largiretur
776 1880 894 1958 aliena3
926 1879 1014 1939 simul
1034 1881 1180 1942 aviditate
1200 1885 1259 1940 im'-

223 1984 350 2064 parendi
372 1985 436 2064 ipsa
455 1984 528 2043 vitia
555 2005 611 2065 pro
644 1985 808 2047 virtutibus
839 1985 1138 2064 interpretabamur.-
1169 1983 1259 2044 Multi

179 2089 255 2154 15in
279 2100 411 2170 utroque
431 2091 581 2159 exercitu,
604 2093 683 2152 sicut
704 2092 836 2154 modesti
858 2092 1030 2170 quietique,
1059 2093 1099 2148 ita
1134 2091 1292 2170 rnalisetae

192 2208 194 2215 ’
224 2197 351 2255 strenui.
393 2191 454 2254 Sed
472 2195 595 2272 profusa
616 2195 760 2275 cupidine
779 2207 810 2255 et
831 2193 941 2270 insigni
973 2196 1142 2266 temeritate
1169 2196 1259 2277 legati

224 2300 379 2380 legionlrm
402 2298 528 2360 Alienus
551 2300 682 2359 Caecina
704 2313 733 2360 et
748 2300 861 2360 Fabius
880 2299 1011 2375 Valens3
1033 2321 1049 2360 e
1072 2303 1182 2381 quibus
1198 2305 1259 2366 Va·

223 2407 287 2468 lens'
309 2407 444 2468 infensus
461 2403 578 2466 Galbae
599 2415 743 2488 tanquam
764 2406 913 2468 detectam
927 2390 952 2466 ‘a
975 2427 1008 2466 se
1019 2408 1153 2490 Verginii
1166 2433 1259 2474 cunc·
1356 2419 1358 2426 ’

232 2565 491 2580 mun-m

311 2663 331 2702 t.
341 2651 473 2724 facunda
492 2649 545 2716 Ma,
568 2657 595 2704 et
618 2667 656 2718 17.
675 2647 735 2704 tius
755 2653 922 2720 protractus,
945 2661 971 2705 ct
983 2659 1091 2724 μίμῳ.
1103 2656 1256 2710 obtenturas.

292 2737 334 2796 ιιζ
350 2757 381 2796 uc
401 2746 542 2812 Vitellius]
564 2743 676 2798 Codices
696 2759 722 2796 et
744 2747 893 2809 Vitellius,
916 2747 1058 2800 llbenanns
1078 2763 1103 2802 et
1121 2765 1150 2804 ut
1171 2753 1257 2806 Vitel-

221 2837 291 2898 lius,
310 2837 422 2888 Grotius
443 2849 469 2891 et
493 2839 562 2890 Vitel
634 2853 666 2890 ac
685 2845 741 2892 tum
761 2839 793 2892 id
807 2857 855 2908 pro
875 2843 936 2910 ita3
954 2843 1074 2915 denique
1091 2848 1173 2916 vtilgo
1195 2857 1258 2916 post

222 2931 431 3000 accipiebantur
450 2949 482 2999 pu
588 2935 806 3002 'stinguitun—
825 2936 855 2984 In
878 2935 1001 2990 Rhenant
1018 2941 1151 3008 scriptura
1171 2948 1257 2994 offen·

221 3025 262 3076 ‹lit
280 3025 353 3094 quod
371 2831 673 3191 borzitdmmul
699 3029 733 3104 ad
758 3031 949 3098 praecedentia
967 3047 1005 3086 uut
1026 3035 1153 3088 Vitellius
1183 3035 1258 3106 apud

220 3137 326 3172 severos
342 3119 453 3172 humilis
566 3121 600 3172 ad
620 3129 813 3194 consequentia
832 3125 907 3196 quod
924 3131 984 3180 sirie
1001 3158 1033 3168 —
1053 3129 1147 3206 aliena
1169 3133 1257 3210 pertin

220 3211 303 3265 tinet:
323 3199 384 3264 nam
397 3211 458 3266 'altro
478 3215 525 3267 illa
545 3219 655 3269 nomina
669 3223 822 3273 comitatem
836 3221 1036 3303 destiterantque
1059 3223 1096 3270 ila
1110 3225 1255 3274 coniuncta

219 3316 298 3370 cunt,
316 3318 346 3360 nt
364 3309 457 3381 divelli
478 3319 621 3382 nequeant.
645 3315 714 3367 ‘Sed
742 3317 870 3385 quoniam
898 3311 1039 3368 liumr'litas
1068 3313 1178 3384 quidem
1208 3320 1256 3367 de-
1330 3323 1331 3328 ’

218 3417 281 3454 coro
300 3407 411 3468 nomine
433 3411 564 3470 comitas,
593 3425 650 3460 non
668 3419 758 3462 autem
778 3385 892 3465 comitab
911 3398 1076 3480 detritasque
1096 3414 1185 3462 vocari
1206 3433 1256 3482 po·

175 3513 179 3525 ·
213 3495 284 3560 test,
304 3506 332 3549 et
353 3501 426 3569 quod
445 3503 554 3555 bonr'tas
572 3504 677 3557 Vitellii
697 3508 786 3578 qualis
805 3507 890 3559 suerit
909 3501 1187 3572 inconsequentibus
1200 3508 1254 3556 'tle-

218 3608 291 3642 mum
304 3591 466 3658 declaratur,
481 3599 595 3650 verbum
606 3608 669 3650 ante
692 3603 894 3672 bonitatemque
914 3597 1046 3652 excidisse
1064 3607 1165 3652 certam
1186 3603 1253 3654 milri

218 3683 338 3752 videtur,
358 3695 389 3738 ut
409 3689 447 3740 ita
465 3689 521 3742 fere
541 3692 652 3744 'l'acitua
674 3693 826 3763 scripserit,
858 3707 889 3746 ut
908 3691 1034 3744 Vitetttm
1052 3696 1127 3764 apud
1143 3714 1255 3748 severos

219 3776 346 3842 humilis,
366 3783 407 3834 ica
426 3787 579 3840 comitatem
598 3789 803 3858 celebrabo
813 3809 830 3840 n
839 3804 866 3848 t,
878 3843 880 3850 ,
897 3787 1097 3862 bonitatemque
1118 3793 1254 3862 severiter
1293 3794 1294 3797 ’

219 3872 358 3924 vocabant
375 3875 451 3948 quod
469 3887 517 3930 cet.
554 3885 611 3946 Iam
640 3883 707 3933 haec
731 3884 874 3934 continent
898 3891 1038 3951 peraptum
1065 3883 1252 3952 praecedentis

220 3965 367 4026 enuntiati,
385 3969 441 4020 Nec
459 3973 613 4026 consularis
632 3975 720 4042 legati
739 3989 884 4036 mensura,
915 3957 1018 4046 sedin
1045 3979 1133 4028 maius
1160 3975 1253 4026 omnia

220 4055 446 4124 accipiebantur,
467 4067 686 4133 crpilicationern.
