2914 4724
486 377 558 440 nra.
575 379 600 441 1.
625 376 714 440 aaa.
736 363 858 446 ea-os
1110 373 1120 386 “
1187 380 1230 446 tn

202 559 297 620 solitis
315 558 373 620 sibi
393 557 541 636 bibernis,
565 558 697 643 relinqui
719 559 839 642 placuit.
883 557 1135 620 ManliusValeus
1149 559 1267 645 lega-(r
1286 574 1316 638 c,
1334 579 1387 650 69.)

200 677 251 728 tus
273 666 397 728 italicae
417 662 564 748 legionis,
588 685 761 748 quanquam
778 664 857 740 bene
873 663 913 725 de
933 664 1072 746 partibus
1091 669 1228 742 meritus,

200 768 286 832 nullo
307 769 389 853 apud
411 769 567 832 Vitellium
589 769 710 852 honore
731 769 799 830 fuit.
843 768 971 830 Secretis
994 789 1065 830 eum
1086 775 1229 836 crimina·

199 876 336 965 tionibus
358 878 558 939 infamaverat
578 875 695 938 Fabius
723 878 863 956 ignarum
896 885 947 956 et,
981 897 1044 958 quo
1080 884 1231 946 incautior

124 1043 126 1050 ,
169 981 409 1068 ἰ’ἆεείρειειιιι,
430 983 529 1068 palam
549 981 717 1044 laudatum.

134 1082 187 1163 65
281 1089 428 1152 Veterem
449 1089 528 1149 inter
548 1085 767 1169 Lugdunenses
782 1085 1026 1171 Viennensesque
1047 1089 1228 1154 discordiam

197 1198 371 1277 proximum
404 1197 521 1260 bellum
546 1195 732 1258 accenderat.
772 1197 890 1257 Multae
924 1199 955 1259 in
986 1198 1084 1260 vicem
1117 1202 1228 1274 clades,

144 1331 148 1338 ·
199 1305 339 1366 crebrius
360 1307 555 1388 infestiusque
585 1323 676 1386 quarn
708 1313 742 1363 ut
772 1312 892 1365 tantum
925 1317 1047 1387 propter
1067 1307 1229 1384 ¹Neronem

200 1408 392 1492 Galbamque
408 1419 605 1498 pugnaretur.
647 1409 688 1470 Et
709 1407 808 1472 Galba
839 1407 952 1470 reditus
975 1411 1229 1493 Lugdunensium

152 1538 188 1578 ro
196 1519 352 1580 occasione
372 1520 436 1580 irae
457 1518 488 1578 iu
511 1517 615 1580 fiscum
637 1526 794 1598 verterat;
815 1515 931 1578 multus
954 1529 1061 1579 contra
1083 1520 1115 1582 in
1131 1523 1228 1584 Vieu.

193 1649 299 1689 nenses
322 1627 429 1689 bonor.
472 1617 567 1690 Unde
587 1626 752 1690 aemulatio
791 1637 821 1688 et
841 1626 956 1688 invidia
977 1637 1008 1689 et
1042 1650 1105 1690 uno
1139 1651 1228 1694 amne

193 1735 329 1798 discretis
347 1755 516 1796 connexum
527 1735 643 1796 odium.
688 1713 787 1818 lgitirr
805 1733 1020 1816 Lugdunenses
1040 1737 1229 1800 exstimulata

190 1841 327 1924 singulos
348 1841 480 1903 militum
502 1851 532 1903 et
554 1843 585 1902 in
607 1843 800 1904 eversionem
819 1839 1037 1915 Viennensium
1059 1839 1226 1924 impellere,

194 1948 343 2008 obsessum
367 1947 405 2008 ab
428 1947 658 2026 illiscoloniarn
679 1969 779 2027 suam,
801 1945 920 2012 adiutos
940 1947 1076 2010 Vindicis
1087 1959 1228 2030 conatus,
1281 1958 1284 1964 '

147 2057 182 2122 15
194 2059 378 2139 conscriptas
400 2077 497 2136 nuper
518 2057 651 2140 legiones
671 2059 704 2120 in
722 2057 907 2142 praesidinm
926 2056 1040 2118 Galbae
1052 2057 1226 2118 referendo.

194 2163 237 2222 Et
256 2163 309 2221 ubi
331 2181 436 2224 causas
457 2162 599 2224 odiorum
621 2164 865 2246 praetenderant,
889 2150 1126 2243 magnitudinem
1140 2182 1229 2246 prae-

198 2269 254 2329 dae
276 2265 486 2332 ostendebant.
528 2266 590 2327 Nec
610 2269 672 2328 iam
691 2278 802 2328 secreta
823 2266 992 2328 exhortatio
1013 2265 1066 2328 sed
1090 2267 1229 2348 publicae

195 2393 323 2454 preces:
355 2371 433 2431 irent
462 2367 598 2444 ultores,
629 2367 838 2430 exscinderent
870 2351 971 2430 sedem
999 2369 1107 2434 Gallici
1141 2369 1226 2434 belli.

195 2482 313 2544 Cuncta
335 2477 397 2541 illic
418 2489 541 2540 externa
558 2486 590 2538 et
611 2474 751 2538 hostilia:
775 2497 807 2537 se
829 2473 976 2539 coloniam
999 2477 1166 2540 Romanam
1197 2490 1228 2540 et

296 2673 299 2684 t

268 2764 506 2832 19.sec010niam
531 2757 691 2834 Romanam]
724 2759 827 2813 Vienna
854 2762 949 2814 itidem
979 2763 1087 2818 colonia
1108 2768 1224 2836 Romana

195 2865 269 2918 erat,
291 2855 339 2907 sed
355 2855 547 2925 Lugdunenses
573 2856 670 2908 incolis
695 2854 750 2906 sibi
773 2855 866 2906 invisis
899 2855 1060 2918 obtrectant.
1095 2861 1224 2918 Veterani

194 2941 329 3002 Viennam
348 2950 413 3000 olim
430 2949 539 3002 deducti
560 2959 608 3003 aut
624 2947 739 3002 emortui
761 2958 838 3002 erant
855 2958 903 3002 eut
920 2955 1020 3020 posteri
1046 2969 1138 3008 eorum
1157 2959 1224 3010 Gal.

193 3047 261 3098 linos
279 3060 368 3098 mores
380 3053 595 3122 assumpserant,
624 3061 655 3095 ac
672 3052 816 3115 propterea
846 3058 945 3098 curtata
972 3047 1033 3099 illic
1056 3061 1171 3102 externa
1196 3065 1223 3104 ee

193 3141 306 3194 hostilia
324 3153 382 3192 esse
400 3138 504 3192 inimici
523 3139 650 3192 fremunt.
686 3140 748 3194 Non
773 3139 845 3192 bene
866 3140 972 3208 Lipsius
998 3155 1032 3189 ex
1063 3138 1107 3190 hia
1132 3139 1222 3193 verbis

194 3234 312 3286 coniecit
327 3234 496 3299 Viennenses
516 3233 632 3286 donatos
651 3232 775 3285 colonico
795 3235 870 3292 iure,
890 3232 939 3282 etsi
959 3231 1095 3285 militibus
1117 3241 1164 3286 ant
1183 3236 1224 3286 eia

157 3381 166 3406 r
192 3332 274 3382 vibus
293 3329 419 3384 Romania
438 3345 493 3380 non
511 3325 644 3380 deductis.
681 3325 749 3378 Nem
765 3327 814 3397 qui
831 3327 869 3376 ita
887 3324 1075 3385 donabantur,
1096 3327 1129 3376 iis
1151 3311 1232 3379 trou-¹

192 3425 247 3476 nisi
265 3424 374 3478 Latium
390 3423 445 3475 aive
464 3422 508 3474 ius
524 3421 599 3474 latii
619 3423 848 3482 concessumst,
867 3435 936 3490 quae
955 3433 1019 3470 saue
1037 3416 1151 3487 dignitas
1164 3437 1220 3475 uon

159 3495 162 3500 ,
193 3519 235 3573 ita
253 3519 345 3587 magni
373 3518 504 3570 momenti
528 3522 593 3567 eret.
625 3513 701 3566 Conl.
722 3511 891 3596 Niebuhrius
913 3511 1007 3566 histor.
1038 3511 1109 3564 Rom.
1140 3519 1158 3566 t.
1184 3517 1219 3569 11.

192 3626 279 3685 pssqr.
314 3612 347 3666 Id
370 3615 436 3664 iuris
454 3612 612 3682 iampridem
638 3617 700 3680 qnte
718 3609 865 3662 Claudium
884 3624 978 3662 omnes
996 3605 1101 3660 Galliae
1120 3609 1219 3664 Coma·
1315 3651 1317 3656 .

186 3717 237 3764 tae
258 3711 381 3764 civitates
398 3712 536 3760 assecutae
555 3709 651 3765 erant,
668 3711 700 3755 ut
716 3717 807 3756 earum
827 3701 962 3775 primores
978 3698 1089 3754 loedere
1106 3692 1217 3772 quidein

194 3804 384 3858 et.civltatem
410 3802 555 3854 Romanam
580 3799 751 3868 acciperent,
780 3797 839 3850 iure
864 3801 954 3846 erstem
980 3793 1233 3866 adipiscendorum¹

194 3899 223 3949 iu
241 3896 308 3948 urbe
329 3897 461 3948 honorum
484 3899 614 3951 carerent.
641 3887 726 3945 'Confi
743 3891 773 3942 A.
794 3891 898 3952 tt1‚2t.
918 3891 952 3942 tt
969 3905 1031 3944 vero
1048 3891 1218 3942 Viennaiam

192 3999 254 4046 ante
273 3992 414 4043 Claudium
436 3999 466 4040 ut
486 3987 592 4040 colonia
608 3993 762 4040 senatorum
782 3987 812 4036 in
833 3983 901 4043 urbe
927 3989 970 4038 ius
995 3984 1112 4045 babuit,
1144 3983 1219 4050 quod
