2912 4730
507 425 643 507 rann.
664 446 749 506 car.
772 447 913 542 es--as⁸
1132 468 1140 490 ι
1189 443 1230 508 aa

203 629 296 689 rebus
316 630 468 711 prosperis
490 631 624 689 incertus
651 639 682 688 et
707 633 783 687 inter
811 625 941 685 adversa
972 626 1088 684 melior.
1135 623 1231 706 Igitur
1245 635 1273 696 (a
1290 628 1318 682 C.
1335 635 1391 708 69.)

204 736 361 797 Titianum
379 738 506 797 fratrem
528 739 657 796 accitum
678 734 758 794 bello
779 721 958 815 praeposuit

142 824 196 907 W}
286 847 406 906 Interea
427 845 550 906 Paulini
578 855 608 905 et
641 841 719 905 Celsi
754 841 849 900 ductu
883 861 932 900 res
960 841 1098 921 egregiae
1126 846 1238 920 gestae.

209 951 371 1034 Angebant
398 955 560 1015 Caecinam
594 953 798 1034 nequicquam
825 947 927 1006 omnia
956 959 1064 1031 coepta
1095 957 1125 1008 et
1152 967 1241 1007 sene-

180 1044 292 1118 5sccns
315 1061 463 1118 exercitus
484 1056 532 1118 sui
554 1057 646 1115 fama.
689 1053 800 1114 Pulsus
828 1051 1002 1132 Placentia,
1023 1054 1115 1114 caesis
1145 1073 1242 1134 nuper

208 1163 344 1237 arixiliis,
366 1153 458 1222 ¹etiam
483 1181 536 1242 per
560 1181 736 1241 concursum
761 1157 982 1239 exploratorum
1004 1159 1122 1236 (erebra
1151 1160 1243 1238 magis

208 1277 300 1350 'quam
322 1267 413 1346 digna
435 1275 604 1326 memoratu
626 1267 746 1348 praelia)
768 1265 908 1342 inferior,
931 1267 1155 1348 propinquante
1185 1265 1243 1326 Fa·

210 1373 262 1433 bio
285 1373 431 1448 Valente,
455 1398 493 1435 ne
513 1379 601 1435 omne
624 1373 692 1434 belli
714 1375 805 1434 decus
834 1374 907 1435 illuc
935 1375 1136 1452 concederet,
1167 1375 1245 1434 recl·

208 1498 317 1562 perare
337 1479 465 1563 gloriam
497 1479 614 1542 avidius
643 1503 735 1563 quarn
763 1479 929 1542 consultius
957 1481 1150 1566 properabat.
1194 1479 1244 1542 Ad

167 1583 419 1644 todnodeeimum
444 1607 459 1644 a
483 1586 635 1646 Cremona
659 1586 753 1662 (locus
775 1587 937 1646 Castorum
958 1596 1098 1668 vocatur)
1122 1591 1245 1651 ferocis·

207 1681 297 1752 simos
321 1693 513 1754 auxiliarium
536 1693 764 1754 imminentibus
784 1695 851 1754 viae
868 1709 870 1712 ·
887 1693 964 1754 lucis
990 1695 1129 1758 occultos
1163 1719 1245 1758 conr·

208 1799 304 1878 ponit.
346 1797 474 1880 Equites
493 1799 660 1879 procedere
684 1797 802 1880 longius
825 1799 914 1872 iussi,
938 1809 967 1859 et
987 1797 1108 1863 irritato
1132 1803 1247 1884 praelio

209 1914 316 1986 sponte
336 1905 436 1985 refugi
457 1905 687 1966 festinationem
710 1907 902 1988 sequentium
924 1905 1055 1988 elicere,
1077 1908 1174 1971 donec
1198 1913 1248 1971 in.
1309 1921 1317 1928 ·

211 2013 304 2074 sidiae
325 2025 541 2074 coorerentur.
585 2013 749 2076 Proditum
773 2013 803 2074 id
825 1997 1016 2074 Othonianis
1038 2015 1187 2092 ducibus,
1217 2023 1250 2075 et

168 2117 319 2180 t5curam
341 2120 477 2201 peditum
498 2117 658 2199 Paulinus,
681 2125 817 2203 equitum
840 2120 941 2180 Celsus
965 2141 1129 2201 sumpsere.
1169 2121 1249 2180 Tor·

150 2307 152 2310 v
213 2227 275 2288 tiae
296 2225 441 2312 decumae
476 2223 601 2304 legionis
614 2225 783 2298 ,vexillnm,
816 2237 959 2305 quattuor
988 2225 1171 2286 auxiliorum
1199 2248 1250 2287 co-

214 2333 319 2394 bortes
341 2343 370 2390 et
389 2330 548 2412 quingenti
571 2331 687 2410 equites
712 2331 743 2387 in
764 2331 886 2413 sinistro
910 2328 1072 2410 locantur3
1108 2356 1250 2416 aggerem

129 2449 141 2502 t
214 2439 282 2502 viae
318 2449 381 2502 tres
403 2439 583 2521 praetoriae
615 2423 754 2498 cobortes
774 2433 851 2520 ‚altis
884 2437 1040 2500 ordinibus
1068 2441 1249 2526 obtinuere3

163 2613 164 2616 Ἴ
217 2545 319 2606 dextra
341 2545 446 2606 fronte
469 2543 565 2626 prima
588 2543 667 2626 legio
689 2544 807 2623 incessit
830 2565 897 2604 cum
916 2545 1035 2622 ,duabus
1055 2549 1251 2614 auxiliaribus

169 2663 208 2720 ao
217 2653 398 2715 cohortibus
423 2665 452 2714 et
473 2652 648 2736 quingentis
671 2653 833 2734 equitibus.
876 2655 974 2737 Super
994 2655 1053 2718 bos
1074 2680 1091 2720 e
1128 2672 1251 2741 praeto·

217 2763 264 2821 rio
285 2761 460 2842 auxiliisque
483 2757 560 2844 mile
576 2761 713 2841 equites,
752 2759 891 2820 cumulus
913 2763 1061 2843 prosperis
1097 2775 1150 2824 aut
1177 2766 1276 2826 sub··

150 2857 330 2938 Q5sidium
351 2859 581 2942 laborantibus,
604 2865 805 2927 ducebantur.
848 2858 1023 2952 Antequam
1048 2873 1252 2934 miscerentur

220 2975 320 3054 acies,
351 2985 438 3052 terga
460 2967 647 3032 vertentibus
667 2970 857 3048 Vitellianis,
895 2973 995 3034 Celsus
1030 2974 1092 3036 doli
1118 2977 1252 3056 prudens

216 3081 367 3164 repressit
387 3099 467 3140 suos.
509 3076 664 3140 Vitelliani
688 3088 800 3144 temere
820 3091 1022 3160 exsurgentes,
1045 3082 1171 3144 cedente
1181 3103 1252 3142 sen

174 3189 279 3258 n5s1m
299 3170 410 3260 Celso,
435 3183 554 3267 longius
574 3186 669 3246 secuti
695 3185 806 3248 ultro
797 3211 829 3249 m
852 3189 976 3250 insidias
996 3193 1251 3272 praecipitantur.

222 3299 299 3360 Nam
319 3317 337 3355 a
357 3293 500 3355 lateribus
524 3289 676 3369 cobortes,
701 3291 828 3377 legionis
847 3295 974 3358 adversa
994 3297 1090 3374 frons,
1113 3295 1253 3356 etsubito

227 3414 517 3443 ,..............-...
985 3419 988 3425 .

301 3471 334 3541 *3-
351 3465 447 3540 excitu]
476 3483 489 3520 c
519 3465 579 3522 sitii
606 3463 657 3517 Ma.
678 3464 750 3518 Deio
785 3483 823 3523 ro.
849 3461 990 3525 Castorum
1022 3465 1162 3525 Alaiatusr
1188 3467 1254 3522 libri

226 3572 388 3622 castrorum.
434 3616 439 3628 ,

1102 3638 1116 3668 l

298 3705 339 3745 rr.
360 3643 597 3738 ancittaraiimrae
616 3683 680 3736 Mox
700 3685 769 3738 inssi
786 3679 946 3739 Rhenanus:
965 3685 1070 3740 codlces
1088 3688 1176 3743 iussit.

297 3781 335 3846 xl
353 3787 545 3833 coercerentur
561 3776 618 3830 Ma·
639 3772 814 3833 adorirentur
831 3783 909 3846 vulgo
930 3787 992 3831 aute
1010 3780 1172 3840 Bellienum.

184 3867 198 3874 ”
300 3887 337 3943 19.
349 3863 527 3942 ingerentia,
547 3866 611 3920 dein
624 3871 811 3924 aenatoribus
823 3871 972 3924 Mercerus
993 3873 1056 3929 txbn
1069 3879 1152 3931 uexat
1154 3877 1278 3942 arabus
1307 3893 1308 3900 ¹

298 3985 339 4020 ao
358 3973 385 4034 e]
402 3979 428 4018 et
445 3966 506 4030 Ma,
527 3973 554 4018 et
572 3963 612 4036 24.
634 3965 733 4020 cedunt
753 3977 833 4036 epra
853 3965 971 4024 cedente.

300 4058 340 4118 ab.
360 4059 476 4130 legionis
496 4057 613 4112 adversa
626 4060 720 4128 frons]
740 4059 880 4122 Sententia
890 4055 960 4114 clare
978 4069 1033 4116 est·
1053 4062 1156 4133 qnippe
1168 4057 1254 4133 legio·
