2890 4728
818 197 827 226 i

497 465 501 496 e
538 427 612 488 [ΑΒ.
631 427 669 492 V.
686 427 775 523 ¹CAP.
796 426 928 492 ll··-l⁴l.
1170 433 1230 497 267

132 655 136 663 ,
204 605 276 668 Mox
296 599 441 684 loannes,
477 608 575 668 missis
594 627 649 690 per
668 609 798 689 speciem
819 606 1007 668 mutendi
1035 609 1086 690 qui
1107 606 1270 694 Elem-(e
1286 623 1316 676 c.
1338 627 1391 693 70.)

203 733 273 772 rum
298 733 479 797 manumque
499 706 565 778 eius
591 715 824 791 obtruncarent,
846 713 962 796 templo
976 717 1100 798 potitur.
1142 717 1186 776 lte
1200 719 1233 777 in

204 820 281 880 dues
301 821 444 886 lectiones
464 824 569 885 civitas
589 823 745 902 discessit,
771 822 869 882 donec
887 823 1158 906 propinquantibus
1171 825 1233 884 llo·

141 930 301 1016 13mcnis
336 927 450 990 bellum
479 941 636 992 externum
663 927 859 990 concordiam
887 937 1019 1009 pareret.
1058 927 1237 990 Evenerant

176 1035 364 1119 5prodigin,
386 1059 466 1119 quoe
484 1059 583 1121 neque
604 1037 715 1098 bestiis
734 1057 833 1119 neque
853 1038 930 1100 votis
961 1036 1047 1117 piore
1079 1035 1123 1097 ins
1144 1035 1236 1098 habet

203 1163 277 1226 gens
297 1146 505 1226 superstitioni
520 1121 660 1222 obustis,
683 1142 878 1225 religionibus
895 1143 1031 1208 adverse
1074 1143 1237 1224 Vitaeper

203 1250 322 1312 eaelum
340 1269 526 1315 concurrere
546 1253 635 1328 acies,
653 1251 811 1314 rutilantia
823 1273 923 1328 arma,
944 1262 974 1314 et
991 1250 1090 1314 subito
1109 1251 1237 1316 nubium

202 1361 274 1440 igne
293 1359 445 1421 eollucere
464 1361 619 1443 templum.
660 1360 811 1442 Erpnssae
839 1371 963 1442 repeme
991 1359 1114 1420 delubri
1144 1358 1235 1429 iores,

202 1475 233 1524 et
254 1467 356 1529 audite
377 1467 478 1526 maior
495 1467 631 1526 bumana
651 1487 725 1546 vox,
746 1467 891 1528 excedere
907 1466 1008 1548 deos3
1029 1463 1119 1528 simul
1132 1465 1236 1547 ingens

157 1582 305 1638 semotus
335 1573 554 1640 excedentium.
597 1575 684 1651 Ques
716 1575 804 1656 pauci
841 1575 872 1634 in
905 1584 1023 1636 metum
1055 1572 1234 1634 trabebant:

201 1677 343 1760 pluribus
364 1683 519 1760 persuasio
539 1681 637 1768 iuerat
657 1682 792 1764 antiquis
813 1680 1006 1744 sacerdotum
1033 1680 1139 1742 littoris
1162 1701 1235 1744 oon·

202 1785 294 1846 tineri
323 1803 359 1847 eo
383 1788 447 1868 ipso
466 1791 607 1870 tempore
626 1789 693 1849 iore
713 1800 750 1851 ut
769 1789 932 1852 valesceret
952 1789 1069 1851 Orione
1097 1788 1235 1871 profecti·

203 1913 263 1974 que
277 1893 389 1958 rudaes
400 1915 504 1956 rerum
521 1907 714 1978 poterentur.
758 1899 846 1975 Quae
867 1899 1006 1977 ambages
1020 1895 1236 1978 Vespasianum

139 2024 140 2037 ¹
203 2017 237 2061 ac
258 2003 363 2063 Titum
383 2005 610 2084 praedixerant:
631 2005 684 2066 sed
705 2007 824 2090 volgus,
847 2025 934 2066 more
952 2005 1100 2064 humanae
1121 2001 1237 2084 cupidi·

159 2109 268 2186 15nis,
290 2109 346 2169 sibi
367 2119 484 2169 tantam
505 2111 636 2169 latorum
655 2111 906 2191 magnitudinem·
919 2109 1107 2188 interpretati
1129 2129 1167 2168 ne
1182 2107 1237 2196 ad·

205 2220 298 2276 versis
318 2213 442 2296 quidem
465 2215 503 2274 ad
518 2229 596 2276 svera
629 2218 836 2282 mutabuntur.
880 2213 1105 2275 Multitudinem
1135 2213 1237 2274 obse·

187 2343 329 2399 lacrum,
352 2321 596 2401 omnitenentis,
628 2323 716 2386 virile
737 2343 771 2382 ac
791 2319 936 2382 muliebre
963 2341 1065 2396 mous,
1099 2323 1237 2386 teroem

205 2427 290 2492 milia
310 2430 401 2491 finisse
422 2429 597 2512 accepimus.
641 2433 734 2492 Arma
758 2433 875 2492 cunctis
904 2429 955 2511 qui
984 2427 1064 2488 ferre
1096 2437 1236 2510 possent3

206 2549 237 2600 et
267 2537 370 2622 plures
404 2557 494 2620 quum
517 2540 575 2618 pro
604 2557 733 2599 numero
759 2537 922 2602 trudebant.
965 2533 1136 2596 Obstinetio
1166 2534 1238 2596 viris

156 2627 383 2728 uoleminisque
405 2665 477 2726 pur;
503 2663 538 2704 nc
556 2647 581 2704 ei
612 2643 777 2705 transferre
797 2644 892 2705 sedes
916 2651 1113 2724 cogerentur,
1139 2645 1238 2704 maier

206 2751 286 2811 vitae
305 2761 404 2811 metus
429 2769 521 2830 quam
541 2749 659 2811 mortis.
705 2749 791 2811 Hanc
807 2749 954 2812 adversus
971 2751 1080 2810 urbem
1101 2763 1237 2832 gauteru-

205 2875 265 2938 que
278 2859 397 2918 ·Cnesar
425 2859 530 2934 Titus,
563 2858 687 2942 quando
719 2859 901 2940 impeteret
928 2857 1028 2920 subita
1050 2857 1122 2923 belli
1151 2856 1237 2920 lucus

204 2965 373 3039 abnueret,
399 2961 557 3043 aggeribus
576 2965 734 3048 vineisque
754 2974 873 3027 certare
895 2972 1007 3026 statuit
1049 2967 1237 3026 Diridunlur

208 3069 379 3149 legionibus
395 3070 514 3146 munia,
538 3081 567 3129 et
588 3075 672 3152 quties
690 3071 875 3154 praeliorum
897 3071 976 3144 fuit,
1008 3070 1106 3132 donec
1125 3083 1236 3133 onnus

158 3183 199 3240 25
210 3176 416 3258 expugnandis
437 3173 564 3238 urbibus
583 3167 702 3260 repertu
722 3181 802 3262 apud
826 3189 945 3241 veteres
968 3190 1022 3238 aut
1042 3179 1130 3240 novis
1150 3181 1235 3260 iuge-

209 3280 265 3343 niis
285 3293 499 3345 struerentur.-

145 3375 198 3458 ill
289 3393 329 3453 At
351 3391 454 3451 Civilis
471 3403 539 3473 post
558 3391 670 3452 mulam
691 3393 723 3452 in
756 3391 899 3456 Treveris
928 3411 1060 3477 pugnum
1093 3405 1233 3474 reparato

208 3513 262 3573 per
283 3495 478 3556 Germaniam
499 3497 630 3558 exercitu
644 3497 855 3578 'apudVetera
878 3509 975 3560 caetra
995 3497 1138 3578 consedit,
1150 3511 1234 3563 tutus

169 3603 171 3608 ’
208 3604 292 3678 loco,
318 3613 348 3664 et
368 3612 405 3666 nt
426 3606 571 3664 memoria
596 3627 811 3686 prosperarum
834 3605 893 3667 illic
914 3627 1015 3668 rerum
1042 3621 1235 3691 augescerent

158 3694 412 3775 Sobarberorum
434 3710 550 3772 animi·
585 3713 709 3776 Secutus
731 3726 774 3776 est
795 3700 901 3778 eodeni
915 3715 1052 3795 Cerialis,
1076 3715 1234 3801 duplicatis

297 3924 319 3974 8·
337 3938 461 3993 expertae
481 3925 541 3987 Mt,
559 3935 587 3978 et
609 3946 648 3998 ¹7·
667 3929 797 3992 bominis,
816 3945 871 3980 non
892 3931 985 3984 omnis.

284 4011 321 4082 id.
340 4015 520 4084 praedixerat
538 4018 617 4073 BMll.
