2886 4726
546 393 876 490 erutriceum
1167 391 1227 458 ree

197 581 298 660 pretio
319 573 425 644 raetis?
445 595 500 658 pro
519 577 620 658 petria
638 572 817 638 bellavimus
826 573 863 648 Π.
889 573 1027 636 Venerat
1046 566 1268 650 Tarquinlualn
1287 571 1315 624 c.
1333 571 1388 640 69.)
1432 657 1433 666 ἵ

198 687 322 748 Priscus
344 706 396 748 rex
418 685 498 749 bello
519 683 643 759 Sabinu,
666 683 836 762 ieceratque
857 677 1051 741 fundamenta
1068 695 1124 758 spe
1139 675 1233 756 magis

200 795 321 856 suturae
340 793 558 876 magnitudinis
579 811 674 875 quam
695 779 910 872 qchmodicae
929 785 1030 848 adhuc
1051 783 1155 868 populi
1172 783 1235 844 uo-

199 902 345 967 munires
365 899 544 964 sufficerent.
587 901 658 961 Mox
677 883 800 970 Servius
811 892 929 954 Tullius
952 893 1104 954 sociorum
1125 889 1235 966 undio,

125 1053 129 1060 -
169 1009 268 1076 §dein
289 1011 474 1091 Tarquinius
508 1007 663 1090 Superbus
694 1013 796 1086 capra.
810 979 918 1064 Suessa
937 1003 1072 1072 Pometia
1102 999 1244 1062 boscium·

198 1111 303 1198 spoliis
321 1126 509 1178 exstruxere
553 1111 613 1176 Sed
635 1111 733 1194 gloria
760 1110 861 1195 aperis
894 1108 1029 1182 libertati
1057 1115 1235 1170 reservata:

199 1219 295 1300 pulsis
316 1221 441 1300 regibus
464 1221 612 1283 Horatius
632 1214 784 1278 Pulvillus
804 1195 913 1296 itelipn
945 1213 1051 1276 consul
1078 1213 1237 1287 dedicavit,

161 1355 162 1360 ¹
199 1349 235 1391 ea
264 1327 489 1410 magnificentia
519 1341 610 1408 quam
640 1325 806 1384 immensae
820 1299 940 1404 lposrea
975 1319 1082 1402 populi
1109 1320 1238 1382 Romani

201 1473 497 1494 w*

196 1567 307 1630 pentem
329 1559 378 1610 sed
397 1559 489 1610 statim
506 1557 598 1611 sobrie
618 1560 766 1610 coercitam
786 1558 833 1628 qui
853 1563 1041 1630 perceperunt,
1059 1573 1105 1610 eos
1125 1571 1236 1626 quaero,

196 1655 265 1726 quid
283 1657 404 1709 sentiant
421 1651 550 1706 dehisce
570 1652 851 1724 interrogationibus:
871 1670 919 1722 ego
937 1653 971 1710 sle
989 1653 1023 1704 iis
1035 1651 1101 1722 quiri
1121 1652 1236 1704 sentiam

197 1749 252 1798 iam
272 1743 425 1798 declarabo.
461 1745 575 1798 Animus
596 1746 754 1807 narrantia,
772 1743 897 1810 tristibus
915 1759 985 1814 quae
1005 1745 1160 1796 acciderant
1177 1761 1237 1814 gra·

198 1841 265 1892 riter
284 1845 445 1902 commotus,
464 1836 529 1890 inde
549 1855 564 1888 a
582 1837 674 1891 verbis
693 1835 725 1890 id
741 1836 860 1908 facinus
881 1853 966 1907 usqne
989 1837 1022 1888 ad
1037 1837 1137 1908 firrore
1155 1839 1237 1910 pri-n

197 1940 286 2007 cipum
320 1933 447 1988 exscindi
477 1935 565 2009 digne
604 1949 635 1984 ac
669 1937 779 2003 ceurae
810 1933 937 2004 spiravit3
970 1940 1032 2000 post
1063 1933 1110 1983 illu
1129 1933 1235 2021 posito

196 2031 385 2082 omniaffectu
405 2032 569 2100 exponitur,
589 2029 727 2099 Capitolio
748 2027 816 2099 quid
840 2036 903 2078 onte
925 2020 1056 2096 quidque
1075 2014 1147 2078 nuno
1166 2025 1236 2076 acci
1285 2075 1297 2083 ,

197 2125 277 2178 derit.
311 2125 369 2176 Iam
387 2139 478 2174 rursus
499 2125 700 2176 interseruntur
710 2122 937 2192 interroeatronea
956 2119 1043 2172 animi
1060 2121 1235 2172 acerbitatem

108 2258 111 2263 ,
198 2220 299 2270 iterum
320 2221 477 2284 importune
496 2217 710 2284 profundentes,
730 2217 768 2269 id'
782 2217 855 2286 qnod
877 2213 943 2266 mibi
963 2216 1073 2286 quidem
1102 2202 1234 2268 intolera-

198 2311 258 2362 bile
276 2311 445 2378 omninoqne
465 2310 592 2376 sapiente
610 2313 669 2363 viro
689 2309 830 2374 indignum
849 2308 966 2361 videtur.
1005 2309 1120 2380 Quaerit
1145 2319 1234 2364 autem

198 2405 331 2474 primurn,
352 2405 611 2478 quiburiarmorum
629 2406 728 2460 courir·
741 2403 908 2473 Capitolium
940 2407 1080 2459 incensum
1104 2401 1159 2464 alte
1180 2405 1235 2458 sed

200 2512 337 2548 armorum
356 2499 482 2548 causatu
505 2505 601 2568 aperto
619 2499 807 2558 aolnrnlente
834 2508 897 2552 ante
915 2503 1038 2571 exposita
1064 2508 1111 2554 cat
1148 2501 1235 2570 Pergit
1326 2535 1330 2546 ι

196 2608 250 2664 quo
271 2603 368 2644 tantae
386 2589 476 2646 eladis
492 2591 584 2662 pretio
605 2592 704 2646 stetit?
721 2593 752 2642 In
773 2591 817 2644 his
838 2593 989 2646 subiectum
1009 2591 1094 2656 deest,
1112 2599 1140 2644 et
1152 2593 1233 2662 quale

197 2683 352 2738 subiectum
382 2687 563 2756 interpolator
593 2685 736 2756 cogitando
762 2689 946 2758 suppleverit,
972 2689 1025 2740 dici
1048 2689 1097 2758 ¹viu
1124 2693 1234 2758 potest;

196 2796 305 2850 neque,
325 2781 348 2831 si
367 2796 460 2831 sanum
480 2781 625 2832 verborum
644 2787 793 2834 sructuram
809 2783 967 2850 extundere
993 2783 1131 2845 volumus,
1156 2781 1233 2834 eliud
1313 2787 1317 2795 “

198 2871 347 2936 relicuum,
365 2873 419 2924 nisi
438 2881 468 2924 'ut
487 2889 545 2924 cum
565 2873 694 2926 Rhenano
715 2873 833 2944 legamus
852 2893 905 2946 quo
922 2887 1018 2928 tantae
1036 2873 1125 2930 cladis
1141 2879 1249 2948 pretio¹

199 2967 297 3019 omisso
319 2969 412 3030 stetit,
435 2973 560 3020 tintcum
578 2963 696 3023 Pichena
717 2985 777 3042 'quo
802 2984 882 3024 tanta
907 2970 1000 3026 clades
1024 2973 1232 3043 prerio'rterit?

199 3063 254 3118 Sed
273 3063 418 3116 emendare
439 3065 579 3136 supposita
596 3067 696 3119 inutile
715 3076 771 3129 est,
796 3075 886 3137 neque
908 3067 982 3118 hisce
1000 3067 1162 3119 emendandi
1184 3083 1231 3134 pe-

180 3161 292 3214 ·rioullr
310 3163 456 3231 quicquam
476 3160 531 3212 nisi
550 3162 727 3214 inertissimas
745 3161 969 3228 interrogationes
988 3161 1129 3214 lucramur.
1148 3161 1234 3212 uent-

197 3271 251 3327 qne
272 3257 376 3318 ironia,
395 3273 475 3324 quam
493 3257 522 3308 in
542 3257 638 3308 ultima
658 3257 872 3330 interrogatione
892 3263 1042 3324 agnoscunt
1060 3258 1230 3324 interpretes,

141 3347 144 3354 “
197 3333 303 3402 anexu
323 3352 519 3404 sententiarum
539 3353 697 3403 alienaeat.
733 3331 798 3402 Rem
819 3352 890 3402 enim
921 3351 1099 3404 tristissimam
1121 3357 1149 3402 et
1171 3351 1229 3402 luc-

197 3445 381 3496 tuosissimam
393 3447 498 3498 ironice
517 3452 670 3516 proponere
683 3464 742 3498 cum
760 3447 939 3507 inhumanum
959 3453 1007 3506 est,
1026 3451 1083 3494 tum
1105 3445 1119 3494 a
1140 3447 1230 3499 Taciti

198 3548 290 3616 mente
312 3557 393 3610 quam
413 3543 529 3592 maxime
549 3541 688 3601 abhorret,
724 3544 800 3594 Unde
813 3545 976 3618 igiturluata
996 3545 1060 3590 runt
1075 3539 1229 3594 baccaddl·
1297 3579 1309 3596 t

198 3633 337 3688 tamenta?
360 3635 502 3688 corrector
519 3635 619 3707 aliquis
639 3638 718 3689 lectis
736 3635 962 3706 praecedentibus
984 3631 1014 3684 id
1037 3633 1228 3705 fiscinas-ex-

165 3758 169 3763 ·
200 3727 291 3780 scindi
308 3735 416 3782 teneros
436 3748 498 3783 runa
516 3731 649 3800 igniculos
669 3732 763 3785 ardere
782 3736 903 3785 centiens
920 3729 960 3780 rei
981 3729 1153 3783 acerbitatem
1174 3747 1228 3778 nm

200 3822 273 3891 plina
289 3825 491 3893 proponendum
509 3827 593 3898 idque
615 3827 782 3934 interpositis
802 3827 877 3878 hisce
896 3824 1158 3894 interrogationibus
1171 3821 1227 3876 elli

201 3914 327 3968 ciendum
350 3923 460 3988 putarit
512 3935 526 3960 ‘

272 4028 311 4079 7
333 4016 467 4082 pulvilius
486 4016 542 4078 bii,
562 4024 592 4070 et
610 4033 635 4085 p.
660 4015 724 4082 etl,
744 4019 768 4068 6.
788 4016 906 4070 interea
925 4033 1054 4070 cneorum.
1124 4077 1128 4086 ἡ
