2912 4730
236 379 243 392 l
263 427 322 496 tet
620 423 921 492 ¹HlSTORlAltllll

96 609 123 672 (ἢ
142 606 171 660 c·
191 607 246 678 69·)
260 609 417 692 prompsit,
442 609 620 671 industriam
633 611 925 692 temperantiamque
942 625 1006 666 snm
1027 595 1269 662 laudibusattol·

259 718 341 791 len's,
362 719 489 777 consciis
510 716 696 797 flagitiorum
715 717 787 798 ipsis
807 715 862 796 qui
882 713 986 773 aderat
1005 707 1150 786 omnique
1168 703 1268 774 ltalia,

258 843 314 903 per
333 843 424 906 quam
444 843 549 884 somno
569 833 599 882 et
620 821 692 882 luxu
712 819 874 902 pudendus
894 819 1043 882 inceseret.
1085 811 1202 894 Volgus
1223 822 1269 874 tu·

258 949 327 988 rnen
345 915 477 992 vacuum
498 933 595 1010 curis,
617 941 648 992 et
667 934 730 992 siue
749 929 817 990 falsi
837 929 963 1010 verique
983 923 1148 988 liserimine
1170 919 1272 980 solitas

258 1036 449 1099 adulationes
468 1039 619 1115 edoctum,
644 1037 777 1099 clamore
797 1047 828 1097 et
849 1029 1191 1112 vocibussdstrepebat3
1215 1027 1302 1099 als-5

258 1146 425 1226 ruentique
454 1167 565 1206 nomen
596 1147 726 1226 Augusti
755 1163 925 1225 expressere
955 1145 1181 1212 cressoneres,
1210 1144 1271 1192 mm

258 1249 372 1310 frustra
394 1271 486 1332 quam
509 1259 711 1312 recusaverat.
754 1249 848 1329 Apud
870 1250 1010 1310 civitatm
1038 1251 1147 1304 cuncta
1177 1205 1332 1298 inter-9¹

257 1366 428 1434 pretautem
449 1337 685 1414 funestiominis
705 1353 773 1414 loco
800 1358 957 1433 deceptum
985 1365 1037 1426 ist,
1068 1348 1152 1432 quod
1181 1347 1274 1406 mexi-

257 1480 342 1522 mum
363 1461 571 1543 pontificatum
592 1461 715 1542 adeptus
737 1459 881 1523 Vitellius
899 1459 938 1518 de
950 1458 1126 1521 cerimoniis
1145 1452 1276 1536 publicis
1303 1537 1313 1549 ἢ

257 1569 364 1647 quinto
387 1567 505 1627 decimo
527 1568 667 1630 calendas
691 1571 843 1652 Augustas
865 1565 1008 1644 edixisse,
1030 1565 1198 1645 antiquitus
1227 1563 1274 1620 io·
1288 1582 1324 1623 ro

257 1673 360 1733 fausto
390 1673 440 1734 die
462 1675 651 1736 Cremerensi
681 1676 860 1757 Aliensique
885 1667 1024 1736 cladibus.
1067 1673 1153 1733 Adeo
1181 1671 1277 1732 omnis
1331 1681 1335 1690 '

256 1781 381 1842 humani
400 1783 555 1863 divinique
574 1785 647 1844 iuris
670 1806 790 1868 expers,
811 1786 879 1867 pari
892 1781 1069 1846 libertorum
1094 1783 1278 1840 amicorum·
1306 1873 1310 1876 .

257 1905 317 1966 que
338 1887 489 1960 socordia,
512 1889 593 1948 velut
613 1892 693 1950 iuter
714 1891 887 1950 temulentos
910 1891 1027 1970 agebat.
1070 1885 1130 1946 Sed
1159 1885 1279 1946 comitia

256 1991 413 2054 consulum
426 2015 495 2054 curn
510 1996 677 2057 candidatis
698 1999 828 2057 civiliter·
840 1995 1000 2071 cebbrans,
1023 2016 1143 2056 omnem
1161 1993 1281 2052 infimae

256 2100 351 2182 plebis
371 2125 544 2183 rumorem,
568 2105 597 2164 iu
620 2105 743 2166 theatro
768 2117 802 2164 ut
821 2115 978 2188 spectator,
998 2108 1028 2164 iu
1050 2105 1131 2164 circo
1154 2111 1189 2160 ut
1213 2095 1327 2176 fau-15

255 2224 321 2291 tor,
342 2212 504 2275 affectavit.
546 2215 634 2292 Quae
652 2227 739 2294 grata
762 2235 835 2276 sane
852 2227 881 2274 et
895 2215 1077 2296 popularia,
1097 2212 1122 2270 si
1143 2231 1161 2268 u
1182 2211 1279 2268 virtu·

255 2319 337 2380 tibus
358 2321 649 2402 proficiscerentur,
685 2323 831 2383 memoria
853 2327 926 2387 vitae
950 2323 1063 2404 prioris
1085 2318 1227 2378 indecora
1247 2328 1280 2376 et

256 2423 327 2484 vilia
353 2426 586 2508 accipiebantur.
628 2427 805 2490 Ventitahat
838 2433 869 2488 in
894 2440 1052 2504 senatum,
1086 2425 1177 2484 etiam
1210 2444 1279 2484 cum

255 2534 356 2612 parvis
384 2533 422 2593 de
452 2534 543 2593 rebus
576 2546 674 2614 patres
704 2523 940 2598 consulerenturss
981 2535 1029 2594 Ac
1062 2535 1141 2594 sorte
1160 2532 1280 2592 Priscus

256 2629 415 2700 Helvidius
438 2653 561 2721 praetor
581 2641 752 2722 designatus
767 2651 872 2712 eontra
891 2641 1024 2702 studium
1054 2642 1119 2707 eius
1148 2661 1277 2702 censue.
1288 2655 1325 2696 au

257 2755 313 2806 rat.
356 2745 532 2804 Commotus
554 2744 655 2824 primo
676 2743 834 2822 Vitellius,
857 2767 917 2806 noo
940 2755 1039 2807 tamen
1076 2748 1157 2810 ultra
1186 2769 1277 2831 quam

256 2836 398 2910 tribunos
419 2852 516 2933 plebis
549 2854 580 2912 in
600 2853 742 2914 auxilium
773 2867 889 2935 spretae
919 2833 1075 2938 potestatis
1104 2859 1276 2941 advocavit.
1343 2941 1349 2948 ι

256 2959 329 3020 Mox
357 2959 562 3042 mitigantibus
580 2991 582 2998 s
599 2961 721 3032 amicis,
757 2963 809 3044 qui
834 2963 968 3027 altiorem
999 2955 1187 3029 iracundiam
1217 2969 1278 3030 eius
1350 2948 1354 2953 .

181 3070 183 3079 '
256 3065 455 3142 verebantur,
482 3066 558 3127 nihil
579 3068 650 3128 novi
668 3065 810 3130 accidisse
831 3071 987 3153 respoudit
1006 3073 1091 3153 quod
1110 3073 1172 3134 dno
1192 3094 1279 3134 sena·
1437 3149 1438 3160 ἵ

255 3186 336 3236 tores
355 3177 387 3235 in
409 3195 444 3234 re
464 3174 584 3255 publica
605 3174 795 3236 dissentirent
802 3202 810 3249 ;
831 3178 952 3240 solitum
972 3201 1003 3240 se
1017 3182 1107 3242 etiam
1126 3179 1281 3242 Thraseae
1290 3175 1329 3253 ab
1437 3185 1438 3234 i

257 3279 476 3342 contradicere.
518 3281 641 3340 irrisere
655 3279 791 3363 plerique
812 3285 1027 3366 impudentiam
1047 3285 1279 3364 aemulationis;

257 3389 323 3450 aliis
345 3382 496 3469 idipsum
515 3385 670 3468 placebat,
705 3389 786 3472 quod
807 3392 959 3453 neminem
979 3413 1014 3452 ex
1031 3395 1280 3476 praepotentibus

258 3497 310 3558 sed
332 3497 499 3558 Thraseam
520 3493 560 3554 ad
581 3494 729 3578 exemplar
753 3519 842 3562 verae
869 3499 980 3587 gloriae
1009 3499 1139 3584 legisset.
1181 3503 1273 3564 Prae.
1290 3493 1362 3576 W

257 3616 399 3687 posuerat
419 3605 619 3687 praetorianis
640 3606 781 3670 Publium
803 3609 949 3672 Sabinum
985 3632 1002 3670 a
1025 3612 1210 3692 praefectura
1227 3634 1279 3672 oo·

257 3713 367 3792 hortis,
392 3714 504 3780 lulium
514 3715 651 3778 Priscum
670 3727 734 3780 tum
744 3721 972 3782 centurionem:
995 3721 1116 3785 Priscus
1130 3719 1277 3796 Valentis,
1290 3718 1327 3777 io

326 3948 367 3998 29.
387 3948 404 3980 a
420 3933 594 4004 praefectura
614 3934 762 3990 Merserat:
785 3934 826 3986 M³
849 3935 887 3988 ad
905 3938 1068 4007 profectura.
1100 3939 1196 3993 Statim
1223 3926 1278 3989 tuit

260 4023 385 4092 Lipsius:
404 4022 509 4080 codices
529 4026 599 4088 dum.
