2886 4726
108 527 112 534 ,
167 551 176 570 ο
212 462 273 523 218
568 457 862 518 ltls'rofflattu'er

53 639 123 704 (²C·
142 642 199 710 ⁶9)
213 643 309 718 etiam,
323 641 445 720 captivi.
486 639 533 699 Er
552 640 663 719 quihus
687 660 791 716 unns,
819 639 976 721 egregium
998 637 1115 698 facinus
1136 655 1241 709 ausus,

215 749 296 810 clara
317 769 393 808 voce
418 757 500 827 gesta
526 748 685 826 patefecit,
716 748 872 808 confossus
900 747 1020 807 illicoa
1053 745 1239 832 Germanis;
1275 761 1281 768 ·

215 857 302 917 uude
333 854 429 913 maior
456 854 550 912 indici
576 855 659 914 fides.
714 854 813 914 Simul
842 855 1010 914 vastatione
1035 852 1244 931 incendiisque

215 961 412 1040 flagrantium
441 957 583 1020 villarum
604 937 879 1020 venire⁸victorem
901 959 1065 1020 exercitum
1087 957 1256 1038 intellege-·

215 1069 312 1126 batur.
356 1073 389 1129 ln
410 1077 574 1146 conspectu
596 1077 766 1127 castrorum
784 1065 926 1125 constitui
949 1067 1052 1146 signa,
1070 1067 1275 1146 fossamque5

216 1186 246 1234 et
268 1174 381 1234 vallum
402 1174 585 1236 circumdari
598 1173 715 1234 Vocula
730 1173 833 1232 iubet:
859 1172 1003 1253 depositis
1018 1170 1241 1250 impedimentis

216 1283 398 1362 sarcinisque
429 1282 557 1363 expediti
586 1291 751 1342 certarent.
816 1279 894 1338 Hinc
923 1282 955 1338 in
985 1277 1092 1336 ducem
1127 1274 1253 1338 clamor

217 1409 350 1468 pugnam
370 1388 579 1468 poscentium
600 1397 632 1447 ot
652 1387 761 1446 minari
781 1393 986 1446 assueverant.
1040 1385 1087 1444 Ne
1107 1394 1246 1465 ternpore

218 1491 340 1574 quidem
362 1494 401 1552 ud
420 1492 621 1562 ordinandam
643 1496 738 1552 aciem
759 1503 865 1572 capto,
897 1492 1089 1570 incompositi
1118 1491 1257 1572 fessique·

220 1599 368 1681 praelium
389 1620 548 1681 sumpsere.
592 1597 672 1658 Nam
695 1599 800 1658 Civilis
820 1598 941 1672 aderat,
956 1615 1028 1657 ‘non
1052 1599 1152 1657 minus
1166 1601 1246 1659 vitiis
1260 1623 1298 1661 ro

220 1708 351 1778 hostium
370 1728 461 1788 quam
486 1708 597 1766 virtute
617 1727 743 1766 snorum
762 1707 870 1766 fretus.
913 1707 1007 1766 Varia
1028 1706 1111 1787 apud
1135 1708 1245 1766 Roma.

222 1838 276 1875 nos
296 1817 438 1892 senuna,
459 1827 489 1874 et
508 1815 751 1875 seditiosissimus
770 1816 897 1896 quisque
922 1817 1056 1895 ignavus.
1113 1816 1246 1891 Quidam

223 1925 354 1984 recentis
374 1924 516 1984 victoriae
538 1943 689 1984 memores
706 1924 836 1982 retinere
858 1923 990 2002 locum,
1004 1923 1094 1982 ferire
1117 1923 1246 1999 hostem,

203 2022 205 2032 ¹
223 2053 314 2111 seque
336 2040 366 2090 et
387 2031 540 2110 proximos
560 2029 696 2104 hortari,
717 2039 747 2086 et
766 2027 974 2108 redintegrata
997 2030 1060 2088 acic
1083 2049 1186 2088 manus
1208 2028 1247 2086 ad

223 2139 357 2200 obsessus
377 2137 523 2214 tendere,
546 2158 584 2197 ne
604 2140 732 2218 tempori
751 2137 897 2196 deessent.
945 2135 979 2194 lll
1012 2146 1120 2195 cuncta
1142 2156 1158 2193 e
1181 2155 1247 2192 mu·
1262 2143 1299 2201 15

225 2249 265 2306 ris
285 2255 442 2307 cernentes
463 2245 605 2306 omuibus
624 2248 721 2324 portis
741 2255 956 2324 prorumpunt.
999 2245 1044 2300 Ae
1064 2243 1146 2302 sorte
1168 2241 1254 2301 Civi-.

224 2353 262 2414 lis
280 2354 364 2436 lapsu
387 2357 454 2435 eqni
478 2363 664 2434 prostratus,
685 2351 801 2414 credita
823 2373 881 2432 per
901 2362 1065 2429 utrumque
1088 2351 1250 2410 exercitum

224 2462 306 2522 fama
327 2461 515 2523 volneratum
536 2469 588 2518 aut
608 2459 818 2532 intersectum,
854 2459 984 2516 immane
1013 2439 1159 2537 quantum
1190 2459 1252 2520 suis

225 2569 349 2653 pavoris
368 2580 398 2629 et
418 2568 557 2628 hostibus
579 2567 745 2650 alacritatis
765 2563 885 2623 indidit.
930 2563 989 2622 Sed
1004 2564 1120 2624 Vocula
1136 2565 1250 2624 omissis

224 2677 404 2758 fugientium
425 2676 516 2753 tergis
535 2671 648 2732 vallum
664 2682 820 2750 turresque
833 2679 1003 2730 castrorum
1019 2672 1157 2754 augebat,
1182 2681 1250 2730 tan·
1261 2697 1300 2736 ιο

226 2805 317 2866 quam
338 2803 441 2842 rursus
460 2779 612 2850 obsidium
634 2780 817 2852 immineret,
838 2790 982 2859 corrupta
999 2787 1108 2842 totiens
1123 2781 1250 2838 victoria

228 2909 290 2948 nou
310 2885 388 2946 falso
409 2894 563 2966 suspectus
582 2880 819 2946 bellummalle.
873 2883 957 2944 llilril
986 2907 1081 2966 aeque
1103 2887 1250 2957 exercitus
1260 2872 1316 2952 35

227 3007 346 3057 nostros
376 3013 467 3075 quarn
495 3003 611 3075 egestus
639 2993 792 3070 copiarum
827 2990 980 3072 fatigabat.
1031 2993 1250 3074 lnrpedimenta

225 3103 384 3186 legionum
414 3121 484 3160 cunr
513 3097 626 3158 imbelli
654 3097 747 3155 turba
776 3097 947 3160 Novesium
969 3100 1086 3174 missa‚·
1117 3115 1152 3162 ut
1180 3103 1252 3162 inde

226 3209 362 3270 terrestri
381 3209 490 3268 itinere
506 3207 690 3266 frumentum
706 3204 909 3267 adveherents
933 3227 1002 3264 nam
1015 3203 1137 3267 flumine
1150 3209 1250 3270 hostes
1260 3217 1303 3276 25

226 3319 428 3406 potiebantur.
478 3316 618 3375 Primum
646 3335 753 3394 agmen
775 3323 914 3377 securum
945 3283 1082 3389 incessis,
1115 3313 1250 3372 nondum

228 3425 298 3484 satis
318 3426 404 3484 firmo
426 3420 529 3486 Civile.
558 3420 633 3497 Qui
651 3422 703 3481 ubi
733 3444 854 3484 rursum
882 3423 983 3484 missos
1004 3421 1162 3483 Novesium
1182 3421 1251 3478 sru-

228 3504 578 3606 meutatoresdatasque
606 3529 637 3584 in
662 3527 846 3608 praesidium
872 3527 1012 3588 cohortes
1044 3529 1126 3589 velut
1156 3527 1251 3586 multa

228 3653 302 3715 pace
321 3633 434 3714 ingredi
457 3634 587 3711 accepit,
608 3655 711 3694 rarum
728 3635 812 3715 ,apud
835 3637 920 3718 signa
941 3633 1086 3708 militem,
1110 3659 1193 3696 arina
1216 3638 1245 3694 in

224 3738 398 3812 ,vehiculis,
435 3749 558 3799 cunctos
596 3740 714 3802 licentia
751 3761 877 3822 vagos,
898 3745 1081 3824 compositus
1118 3743 1305 3818 invadito.)

393 3873 493 3922 Tr

316 3962 340 3995 a.
358 3940 434 3992 illico
453 3940 667 4000 Freinshemius:
686 3942 789 3993 codices
810 3946 877 3996 illic.

303 4044 340 4094 ιδ.
362 4038 495 4088 inmanem
513 4037 572 4101 W,
592 4049 618 4089 et
637 4043 677 4105 24.
697 4040 867 4099 trecassium,
887 4046 915 4086 ut
935 4039 1009 4087 solet.
