2912 4730
520 249 525 294 Ι

203 355 263 424 134
573 354 866 418 lllSTORlARUM

32 533 62 600 (ἃ
86 532 183 609 usq)
198 547 303 600 cautos
325 554 446 619 quoque
464 558 500 598 uc
530 537 675 618 providus
705 547 918 620 permoveret,
951 536 1059 618 uolgus
1087 545 1118 596 et
1146 539 1242 596 ceteri

196 667 294 707 unum
314 646 415 706 virum
437 642 606 726 ducemque
639 643 909 726 spretealiorum
940 639 1068 725 segnitia
1099 637 1243 708 laudibus

195 752 322 814 ferrent.
366 749 454 811 Hunc
475 751 522 810 sui
543 749 656 813 faunam
678 771 713 810 ea
733 750 836 814 statim
854 749 1007 812 concione
1020 759 1243 827 commoverat,

195 879 257 940 qua
274 857 410 920 recitatis
431 855 612 938 Vespasiani
640 855 776 938 epistolis
799 877 862 920 non
891 865 928 926 ut
959 855 1100 937 plerique
1128 853 1244 918 ineerta

196 964 360 1044 disseruit,
382 965 444 1028 huc
464 963 538 1026 illuc
556 974 714 1032 tracturus
737 961 1011 1047 interpretatione,
1038 971 1134 1044 prout
1162 952 1275 1023 con-5

196 1071 346 1135 duxisset:
369 1082 478 1156 aperte
504 1071 694 1135 descendisse
713 1073 746 1134 in
776 1094 898 1134 causam
927 1069 1112 1143 videbatur;
1145 1089 1245 1153 eoque

196 1183 313 1258 gratior
331 1181 480 1244 militibus
503 1191 587 1258 erat,
609 1181 784 1262 culpae.vcl
806 1182 921 1262 gloriae
948 1180 1059 1240 socius.
1100 1161 1280 1245 Proxim'nla

198 1290 334 1351 Cornelii
356 1289 449 1354 Fusci
469 1287 675 1370 procuratoris
707 1291 884 1350 atretoritas.
927 1290 956 1350 Is
992 1305 1117 1370 quoquo
1146 1283 1245 1348 inole-

196 1409 319 1460 meuter
337 1403 369 1458 in
388 1397 548 1460 Vitellium
566 1396 673 1458 invehi
692 1397 799 1460 solitus
821 1396 897 1458 nibil
920 1397 983 1479 spei
998 1389 1062 1458 'sibi
1083 1396 1165 1457 iuter
1188 1392 1246 1455 ad·

195 1530 284 1570 versa
295 1507 471 1588 reliquerat.
514 1507 604 1566 Titus
616 1504 747 1587 Ampius
758 1506 936 1579 Flavianus,
952 1516 1061 1566 natura
1077 1525 1114 1566 ac
1127 1516 1246 1568 senecta
1259 1521 1295 1567 to

131 1600 132 1604 Ἰ
179 1615 390 1688 cunctatior,
412 1613 599 1694 suspiciones
618 1611 752 1680 militum
775 1612 939 1689 irritabat,
970 1622 1117 1694 tanquam
1147 1611 1260 1674 affini-e

197 1726 270 1785 tatis
292 1745 363 1783 cum
394 1721 523 1783 Vitellio
554 1719 762 1800 meminisset;
792 1720 936 1803 idemque
968 1718 1055 1802 qnod
1084 1731 1246 1802 coeptante

198 1828 354 1911 legionum
375 1839 464 1889 mutu
491 1828 635 1910 profugus
657 1827 729 1889 dein
751 1836 861 1909 sponte
882 1833 1080 1903 remeaverat,
1101 1829 1246 1910 perfidiae

198 1937 299 1998 locum
320 1937 471 2018 quaesisse
490 1935 682 2000 credebatur.
724 1937 802 1996 Nom
826 1932 1144 1996 Flavianum-omissa
1164 1937 1246 1998 Pan·

197 2045 291 2108 nonia
322 2047 490 2126 ingressum
520 2042 639 2104 ltaliam
671 2053 701 2104 et
733 2042 905 2104 discrimini
936 2054 1110 2125 exemptum
1140 2043 1294 2108 rerumtb

199 2173 349 2216 novarum
370 2149 484 2232 cupido
507 2149 599 2232 legati
622 2147 735 2210 nomen
757 2164 913 2216 resumere
933 2160 966 2212 ct
988 2152 1112 2212 misceri
1144 2155 1245 2216 civili·

198 2260 258 2321 bus
276 2262 369 2322 armis
390 2259 574 2343 impulerat,
598 2259 746 2322 suadente
768 2260 914 2324 Cornelio
935 2261 1053 2340 Fusco,
1089 2285 1153 2324 non
1174 2269 1246 2347 quia

199 2369 353 2430 industria
366 2369 506 2431 Flaviani
530 2368 647 2450 egebat,
671 2367 725 2430 sed
748 2381 782 2430 ut
801 2369 963 2432 consulare
986 2391 1097 2433 nomen
1118 2395 1245 2456 surgen·

202 2527 306 2544 buu-r·-

288 2584 313 2635 5.
332 2581 562 2651 interpretatione
580 2580 733 2636 Acidaliae.
753 2580 820 2632 libri
840 2583 1105 2650 interpretationem.

287 2676 441 2746 pgr-atior
460 2674 565 2726 BGet
583 2676 649 2729 alu
668 2673 982 2742 ACMllgrovior.—
992 2675 1056 2730 Meu
1074 2678 1244 2732 ruremelto

199 2787 256 2823 rem
276 2770 382 2840 alioqui
400 2768 496 2820 ducem
518 2767 590 2834 (Ma)
608 2769 655 2821 hic
672 2766 856 2820 deserendum
875 2770 978 2838 putavi.
1020 2775 1145 2827 Gravior
1157 2775 1245 2828 alicui

198 2883 256 2921 esse
277 2874 319 2918 est
339 2883 373 2918 ex
393 2864 498 2919 iudicio
520 2866 638 2918 alicuius
656 2864 719 2933 plus
737 2865 891 2934 gravitatis
911 2865 1054 2942 (Wurde)‚
1073 2887 1130 2922 non
1148 2877 1244 2921 aucto·
1262 2921 1265 2926 Α

198 2961 289 3014 sitatis
309 2959 482 3031 (Einflass)‚
501 2959 616 3012 habere.
652 2957 707 3010 Sed
721 2959 855 3026 'gravitas
874 2979 930 3014 non
957 2972 1017 3016 erat
1038 2965 1111 3018 inter
1131 2965 1243 3017 Antonii

199 3058 324 3118 virtutes,
338 3055 459 3108 hominis
477 3054 585 3123 legibus
605 3052 731 3104 nocentis
752 3061 780 3104 et
800 3054 975 3124 cupidinibus
994 3043 1127 3112 obnoxii:
1146 3074 1243 3113 aucto-

86 3146 89 3158 '
199 3149 270 3202 ritas
288 3150 331 3201 illi
349 3158 408 3203 erat
426 3139 540 3220 propter
557 3147 699 3202 audaciam
717 3155 744 3200 et
762 3149 963 3206 fortitudinem.
999 3154 1097 3225 Neque
1117 3154 1151 3206 de
1169 3157 1245 3207 mili·

199 3251 258 3293 tum
282 3243 387 3318 indicio
405 3244 455 3296 sed
472 3258 566 3295 eorum
584 3245 614 3293 in
630 3243 780 3296 Antonium
806 3246 944 3300 studiant
973 3227 1066 3302 amore
1090 3265 1245 3302 sermonem

200 3354 260 3389 esse
291 3347 376 3408 patet.
423 3339 566 3392 Praeterea
594 3338 740 3392 verborum
768 3344 913 3396 collocatio
941 3344 1017 3418 hand
1044 3345 1183 3408 admittit,
1213 3353 1245 3396 ut

201 3432 290 3482 socius
310 3433 417 3484 sublata
434 3431 660 3498 interpunctione
678 3441 741 3501 post
758 3449 819 3488 erat
837 3455 896 3488 curn
916 3440 1027 3507 gratior
1049 3439 1108 3491 sire
1124 3440 1245 3509 gravior

200 3536 395 3592 connectatur,
414 3527 463 3581 sed
480 3525 563 3579 verba
582 3527 680 3598 calpae
705 3532 752 3582 vel
770 3533 879 3601 gloriae
899 3533 991 3586 socias
1015 3535 1051 3584 ad
1081 3533 1244 3604 explicanda

199 3622 393 3689 praecedentia
412 3639 499 3695 eoque
516 3623 626 3693 gratior
643 3625 779 3678 militibus
794 3639 855 3682 erat
869 3624 964 3679 addita
976 3633 1048 3678 sunt.
1084 3628 1245 3699 Atquihacc

200 3717 284 3768 verba
303 3725 393 3786 aptam
413 3720 559 3771 continent
576 3721 807 3790 explicationem,
834 3724 857 3775 si
875 3724 988 3792 gratior
1008 3705 1140 3793 legimus·
1167 3741 1244 3781 secut

202 3818 257 3873 est,
276 3811 299 3862 ai
316 3812 437 3882 gravior
457 3813 605 3882 praecedit.

278 3923 316 3959 ιο.
340 3904 504 3982 TAmpias]
525 3910 642 3982 temptas
661 3909 721 3976 Ma,
743 3909 862 3964 correxit
880 3909 998 3982 Lipsius
1016 3911 1086 3966 Mox
1112 3928 1150 3968 η.
1161 3909 1244 3984 idque

204 3995 281 4068 qaod
296 3999 315 4050 B
330 3997 356 4048 Μ
371 3999 399 4050 a.
