2886 4726
455 509 460 521 ’
511 483 587 548 LIB.
605 483 662 549 lllt
681 479 771 544 CdP.
794 481 929 548 tte-69.
1171 475 1232 542 179

1419 545 1422 664 l

107 703 110 712 «
199 675 249 722 ecs
271 661 375 742 populi
397 659 529 724 blandae
553 673 582 725 et
601 665 849 746 intempestivae3
873 659 955 720 miles
971 653 1082 718 minaci
1103 655 1231 716 silentio.
1245 663 1275 731 (ι
1293 659 1322 716 c.
1343 657 1398 728 69.)
1420 669 1423 746 p

134 748 188 829 68
201 769 264 827 Neu
288 768 445 850 quisquam
477 769 553 832 adeo
575 792 681 832 rerum
703 771 904 831 humanarum
934 767 1113 839 immemor,
1144 781 1235 845 quem
1423 853 1424 856 Ἴ

163 887 168 892 ’
201 885 488 938 noncommoveret
510 877 562 939 illa
583 877 691 956 facies,
724 879 896 955 Romanurn
914 871 1083 952 principem
1117 881 1147 933 et
1180 891 1235 954 ge·
1424 890 1425 946 l

200 979 284 1040 neris
306 980 429 1043 humani
452 983 543 1066 paulo
563 993 633 1042 ante
664 983 823 1041 dominum
855 977 959 1038 relicta
991 976 1130 1036 fortunae
1163 997 1235 1038 suae
1423 949 1426 1022 i

171 1072 271 1149 5sede
292 1109 348 1170 per
371 1092 538 1174 populum,
574 1111 631 1172 per
664 1087 772 1147 urbem
794 1087 873 1146 exire
904 1084 941 1145 de
974 1086 1112 1166 imperio.
1154 1083 1236 1146 Nihil

198 1197 443 1280 taleviderant,
468 1197 545 1259 nihil
568 1195 736 1258 audierant.
779 1193 948 1273 Repentina
983 1195 1028 1254 vis
1056 1193 1236 1253 dictatorem
1286 1181 1292 1198 ⁶

200 1293 359 1363 Caesarem
383 1285 582 1387 oppresserat,
603 1289 738 1364 occultae
754 1301 863 1361 Gaium
877 1300 1011 1374 insidiae,
1033 1321 1092 1360 nox
1104 1308 1135 1360 et
1149 1297 1236 1381 igno.

199 1420 265 1469 tum
286 1429 338 1470 rus
358 1412 459 1492 fugam
475 1411 607 1470 ‘Neronis
629 1407 879 1484 absconderant3
904 1403 975 1466 Piso
995 1409 1024 1467 et
1045 1405 1237 1467 Galba‘tan-
1312 1432 1333 1494 Ι·

200 1535 293 1598 quam
313 1518 344 1576 in
368 1520 431 1577 acie
451 1515 610 1577 cecidere'
639 1519 673 1577 ln
704 1537 759 1575 sua
784 1515 937 1577 ,concione
961 1513 1122 1595 Vitellius,
1157 1515 1237 1578 inter

151 1626 268 1682 ¹⁰snos
288 1621 409 1699 milites,
433 1622 696 1704 prospectantibus
718 1623 808 1682 etiam
830 1620 961 1697 lerninis,
983 1639 1080 1701 pauca
1102 1633 1132 1683 et
1145 1645 1236 1706 prae.

198 1729 274 1789 senti
295 1729 464 1791 maestitiae
484 1733 681 1814 congruentia
701 1729 843 1806 locutus,
865 1727 972 1791 cedere
988 1751 1020 1791 se
1040 1730 1122 1812 pacis
1143 1745 1172 1792 et
1189 1733 1236 1794 rei

201 1835 340 1916 publicae
361 1841 658 1900 causa-retinerent
678 1850 798 1902 tantum
817 1841 992 1901 memoriam
1013 1841 1071 1918 sui,
1092 1839 1237 1900 fratrem.

200 1967 258 2025 qne
277 1951 308 2004 c‘t
328 1948 485 2028 coniugem
510 1959 540 2008 et
560 1940 715 2007 innoxiam
728 1946 894 2008 liberorum
910 1956 1040 2008 aetatem
1056 1947 1237 2020 miseraren-

201 2055 376 2114 tur-simul
397 2055 493 2116 tilium
516 2058 717 2137 protendens,
740 2050 832 2118 modo
856 2053 981 2136 singulis
1000 2053 1090 2114 modo
1113 2055 1237 2114 univer-

153 2155 188 2216 15
201 2159 240 2217 sis
262 2162 485 2242 commendans,
509 2167 665 2241 postremo
688 2161 760 2223 lletu
773 2161 985 2244 praepediente
999 2159 1148 2220 assistenti
1162 2179 1238 2221 cou-

201 2264 259 2324 suli
280 2267 442 2340 (Caecilius
466 2266 597 2347 Simplex
619 2273 701 2348 erat)
727 2271 895 2329 exsolutum
917 2289 934 2326 a
954 2269 1049 2327 latere
1059 2267 1236 2350 pugionem,

202 2369 289 2429 v'clut
319 2370 367 2430 ius
401 2374 484 2432 necis
512 2351 656 2453 uitaeque
690 2373 818 2450 civium,
847 2373 1001 2434 reddebat.
1044 2373 1238 2456 Aspernante

202 2475 346 2546 consule,
368 2479 607 2542 reclamantibus
629 2484 681 2562 qui
704 2482 734 2540 in
757 2481 901 2541 concione
923 2479 1118 2557 adstiterunt,
1149 2486 1237 2543 utin

201 2584 275 2645 aede
295 2584 483 2680 Concordiae
507 2587 658 2669 positurus
680 2587 809 2668 insignia
831 2587 950 2668 imperii
970 2586 1155 2670 domumque
1174 2589 1239 2649 fra·

90 2749 92 2753 .
154 2711 192 2752 an
201 2691 255 2752 tris
271 2693 418 2774 petiturus
440 2693 587 2758 discessit.
630 2697 731 2756 Maior
751 2693 803 2754 hic
824 2693 938 2755 clamor
960 2689 1168 2755 obsistentium
1183 2717 1238 2777 pe-

201 2799 322 2861 batibus
335 2803 470 2882 privatis,
493 2795 525 2862 in
546 2801 694 2890 palatium
709 2803 893 2862 vocantium.
937 2799 1138 2862 Interclusum
1153 2801 1237 2864 aliud

201 2909 277 2986 iter,
298 2909 390 2990 idque
412 2909 512 2971 solum
534 2911 615 2992 quod
635 2913 666 2970 in
690 2930 805 2972 sacram
827 2913 908 2970 viam
935 2919 1072 2990 pergeret
1098 2913 1234 2992 patebat.

202 3016 282 3075 Turn
304 3015 421 3078 consilii
441 3019 530 3098 inops
551 3014 582 3078 in'
599 3019 744 3100 palatium
759 3017 862 3080 rediit.
906 3014 1111 3077 Praevenerat
1130 3037 1237 3075 rumor
1271 3080 1275 3093 ,

114 3185 118 3194 ,
156 3171 158 3176 2
202 3122 318 3184 eiurari
340 3124 379 3185 ab
401 3143 436 3184 eo
459 3126 639 3206 imperium,
660 3129 880 3208 scripseratque
902 3122 1025 3184 Flavius
1047 3121 1175 3181 Sabinus
1186 3143 1237 3181 co-

138 3219 189 3298 69
202 3229 335 3289 hortium
357 3231 508 3310 tribunis,
530 3237 565 3291 ut
587 3229 714 3290 militem
734 3229 921 3294 cohiberent.
964 3229 1060 3312 Igitur
1076 3230 1238 3309 tanquam

200 3335 301 3398 'omnis
323 3359 371 3398 res
395 3339 516 3421 publica
538 3342 570 3398 in
595 3339 771 3419 Vespasiani
795 3339 896 3399 sinum
914 3339 1066 3413 cessisset,
1089 3337 1238 3416 primores

201 3457 323 3504 senatus
345 3456 374 3504 et
394 3445 535 3528 plerique
557 3449 705 3529 equestris
734 3447 851 3510 ordinis
880 3449 1038 3528 omnisque
1066 3441 1151 3504 miles
1180 3465 1238 3504 ur·

117 3613 122 3623 ,
202 3534 299 3612 banus
322 3559 352 3610 et
372 3547 478 3632 vigiles
499 3551 624 3612 domum
647 3551 745 3612 Flavii
776 3553 881 3614 Sabini
911 3549 1115 3630 complevere.
1161 3551 1264 3630 Illuc,
1340 3556 1344 3566 ’

204 3657 370 3722 destudiis
392 3643 476 3742 volgi
497 3670 526 3718 et
548 3660 639 3720 minis
660 3661 913 3722 Germanicarum
941 3657 1115 3720 cohortium
1144 3660 1237 3721 affer.
1318 3698 1324 3705 «

156 3767 269 3826 detur.
312 3766 444 3848 Longius
466 3765 525 3836 iam
543 3787 722 3850 progressus
747 3752 812 3830 erat
833 3789 924 3850 quam
955 3777 990 3826 ut
1017 3766 1135 3850 regredi
1166 3787 1238 3849 pos·

205 3924 407 3947 “-··“·----

280 4017 319 4054 21.
337 4007 533 4060 interclausam
543 4007 593 4056 Ma.
613 4008 678 4060 Mox
691 4010 721 4061 in
735 4027 842 4063 sacrum
857 4011 933 4062 viam
947 4009 987 4060 cd.
997 4007 1148 4078 Spirensis:
1161 4007 1238 4059 codi-
1290 4016 1296 4022 ·

210 4113 252 4148 ecs
270 4095 362 4167 (Mai)
381 4102 411 4152 in
432 4118 513 4154 sacra
530 4103 594 4167 νίας
626 4102 727 4156 deindo
747 4106 789 4171 nd.
807 4105 901 4170 iurari
917 4111 946 4156 et
965 4108 1008 4158 ad-
1021 4103 1170 4156 cceissr'rset
1185 4100 1237 4154 tr.
