2912 4730
368 397 382 493 ’,
484 426 561 488 usn.
581 423 636 488 nr.
659 423 747 486 etr.
769 427 903 492 sa-sa.
1154 425 1213 492 sos

162 639 164 644 ·
190 603 281 664 etlam
300 603 492 688 singolorum
513 603 638 670 audacia
654 604 746 682 salet)
769 602 914 666 Claudias
933 601 1120 667 Faventinus
1145 623 1218 668 cen-
1231 605 1261 675 (ι
1276 605 1307 658 G·
1323 603 1380 676 ⁶⁹)
1440 629 1441 682 3

190 710 272 770 turio
293 731 347 792 per
367 711 563 794 ignominiam
582 710 710 774 anana
730 707 870 772 dimissus
887 707 929 771 ad
949 707 1147 771 delectionem
1156 717 1221 770 tra·

190 817 246 896 sit,
267 817 343 880 fictis
364 819 542 903 Vespasiani
562 815 698 904 epistolis
709 817 844 902 pretium
864 815 1045 900 proditionis
1057 823 1221 878 ostentans.
1332 801 1335 816 ³

190 923 335 988 Praeerat
357 923 445 988 classi
467 923 608 988 Claudius
629 922 836 1008 Apollinaris,
869 941 966 1004 neque
984 921 1054 982 fidei
1075 931 1221 982 constans

159 1021 286 1114 5ueque
306 1043 446 1094 strenuus
463 1032 495 1092 in
510 1030 642 1113 perfidia.
683 1029 725 1089 Et
738 1027 867 1110 Apinius
883 1027 960 1090 Tiro
979 1038 1117 1109 praetura
1133 1026 1221 1089 suue-

190 1145 240 1198 tus
265 1157 300 1198 ac
319 1147 386 1196 tum
412 1136 490 1198 sorte
510 1136 693 1208 Minturnis*
709 1155 801 1216 agens
826 1133 935 1196 ducem
962 1151 994 1192 se
1020 1131 1222 1224 defectoribus

192 1230 313 1304 obtulit]
356 1245 511 1330 Aquibns
534 1243 697 1325 municipia
719 1239 916 1324 coloniaeque
937 1239 1102 1324 impulsae,
1134 1259 1221 1322 prae·

191 1350 282 1430 cipuo
304 1346 540 1413 Puteolanorum
561 1353 590 1412 iu
613 1351 832 1432 Vespasianum
853 1347 971 1427 studio,
996 1359 1103 1409 contra
1119 1347 1223 1430 Capua

189 1455 314 1518 Vitellio
342 1457 421 1534 lida,
457 1455 667 1538 municipalem
696 1452 1049 1518 aemulationembellis
1082 1453 1223 1517 civilibus

141 1575 178 1618 10
189 1565 363 1632 miscebant.
405 1565 547 1626 Vitellius
569 1563 729 1628 Claudium
750 1563 903 1627 lulianum
924 1565 959 1648 (is
978 1585 1077 1648 nuper
1097 1562 1222 1626 classem

187 1669 388 1732 Misenensem
409 1668 494 1732 molli
515 1671 646 1754 imperio
675 1673 803 1744 rexerat)
831 1668 1055 1752 permulcendis
1090 1671 1222 1734 militum

157 1861 160 1866 y
189 1779 296 1842 animis
313 1777 437 1860 delegit.
476 1779 558 1840 Data
580 1778 611 1842 ic
633 1778 779 1840 auxilium
799 1777 921 1842 urbana
938 1777 1045 1842 cohors
1064 1787 1094 1841 et
1107 1778 1222 1863 gladia·

188 1895 293 1965 tores,
313 1885 424 1967 quibus
448 1883 583 1949 lulianus
603 1895 754 1968 praeerat.
796 1885 841 1948 Ut
861 1885 970 1948 collata
996 1887 1144 1971 utrinque
1170 1909 1222 1951 ca·

189 2001 270 2072 stra,
291 1995 373 2057 haud
394 2015 502 2079 magna
523 1997 717 2060 cunctatione
736 1994 852 2057 Iuliano
875 1995 907 2056 in
927 2003 1029 2078 partos
1047 1997 1223 2078 Vespasiani

141 2095 398 2180 sbtransgt·esso,
435 2103 634 2164 Tarracinam
668 2123 874 2186 occupavere,
907 2099 1063 2162 moenibus
1102 2097 1221 2187 situque
1281 2165 1284 2180 ,

121 2191 177 2272 58
192 2205 283 2288 magis
320 2227 411 2288 quam
444 2209 579 2288 ipsorum
606 2207 728 2291 ingenio
757 2219 864 2268 tutam.
905 2207 992 2284 Quae
1018 2209 1072 2270 ubi
1100 2207 1223 2272 Vitellio
1322 2281 1328 2292 x

191 2311 329 2392 cognita,
348 2321 437 2394 parte
457 2313 611 2392 copiarum
630 2315 764 2374 Narniae
798 2334 867 2374 cum
893 2313 1051 2396 praefectis
1080 2320 1221 2398 praetorii

191 2421 294 2482 relicta
322 2422 449 2482 Lucium
478 2401 637 2484 Vitellium
661 2422 786 2483 fratrem
811 2441 879 2484 cum
916 2442 966 2483 sex
990 2421 1163 2488 cohortibus
1191 2441 1221 2490 et

187 2527 366 2611 quingentis
388 2527 541 2610 equitibus
561 2529 715 2610 ingruenti
736 2547 788 2610 per
809 2528 1005 2610 Campaniam
1023 2527 1103 2592 bello
1123 2553 1219 2615 oppu-

141 2635 262 2695 aosuit.
287 2638 374 2717 ¹Ipse
395 2655 483 2718 aeger
504 2636 596 2697 animi
616 2633 725 2698 studiis
746 2635 876 2696 militum
897 2647 926 2698 et
948 2636 1131 2704 clamoribus
1161 2665 1219 2726 po.

190 2743 254 2826 puli
275 2763 358 2806 arma
380 2747 528 2827 poscentis
549 2743 763 2825 refovebatur,
798 2743 871 2806 dum
892 2747 996 2831 volgus
1018 2750 1159 2830 ignavom
1189 2759 1220 2809 et

109 2843 112 2850 ’
190 2849 268 2912 nibil
288 2851 369 2912 ultra
388 2851 481 2912 verba
501 2873 645 2912 ausurum
665 2850 739 2914 falsa
760 2851 858 2934 specie
879 2855 1039 2914 exercitum
1062 2865 1092 2916 et
1123 2853 1230 2936 legio-r

190 2977 244 3019 nes
275 2957 413 3039 appellat.
470 2955 665 3019 Hortantibus
694 2957 810 3024 libertis
841 2961 936 3042 (nam
957 2964 1125 3023 amicorum
1155 2966 1218 3025 eius

190 3075 304 3146 quanto
338 3067 405 3147 quis
431 3065 562 3150 clarior,
599 3068 699 3130 minus
729 3067 818 3149 fidus)
851 3071 955 3131 vocari
993 3071 1091 3132 tribus
1114 3070 1216 3144 iubet,

186 3201 472 3216 Μὴν-ιιι..

275 3285 301 3336 6.
320 3283 441 3335 iraturtrs's
457 3282 510 3338 Ma.

260 3381 302 3445 24.
321 3381 421 3432 vocari
439 3379 527 3432 tribus
545 3379 629 3452 iubet]
650 3381 749 3432 Tribus
768 3382 911 3434 Caesarum
934 3382 1101 3453 temporibus
1133 3386 1217 3438 luisse

191 3472 350 3526 vilissimam
366 3473 464 3544 populi
475 3475 587 3528 Romani
603 3481 705 3544 partem
726 3478 844 3530 excussis
863 3477 1003 3534 doctrinae
1021 3493 1086 3530 sune
1106 3476 1217 3531 thesau-

192 3569 229 3620 sis
261 3567 449 3636 pronuntiarit
474 3566 671 3620 eruditissimus
697 3567 872 3624 casaubonus
905 3573 941 3626 sd
968 3571 1094 3624 Suetonii
1125 3571 1218 3632 octav,

191 3675 216 3717 r.
232 3680 307 3726 ron,
325 3679 438 3736 eamque
456 3664 613 3733 opinionem
632 3672 739 3733 praeter
756 3667 824 3720 alios
845 3673 1059 3736 propagaverunt
1076 3667 1216 3722 Ernestius

192 3759 352 3812 etwolfins
371 3757 405 3810 ad
424 3758 547 3812 Suetonii
566 3760 665 3813 Neron,
683 3751 765 3828 cell.
801 3759 856 3826 Qui
877 3775 950 3813 error
968 3759 1021 3812 late
1052 3759 1216 3816 dissemina·
1265 3767 1279 3790 “

189 3861 236 3906 tus
254 3863 282 3906 ut
302 3856 410 3908 taudem
430 3866 601 3921 amoveatur,
619 3858 701 3926 paulo
719 3859 856 3928 copiosius
877 3873 909 3910 es
926 3857 960 3911 te
971 3844 1006 3911 ¹se
1025 3857 1069 3914 rel
1086 3855 1138 3910 boc
1155 3858 1214 3909 loco

192 3948 331 4016 disputare
348 3953 436 4002 liceat„
471 3953 512 4004 Ac
526 3953 643 4020 primum
659 3969 757 4004 moneo
775 3931 819 4006 ess
837 3950 943 4015 tribus,
963 3969 1034 4025 quae
1051 3951 1127 4004 luere
1145 3957 1214 4002 tens-

192 4058 258 4110 pcre
274 4042 376 4104 tiberne
396 4045 522 4110 civitatis,
543 4053 570 4100 et
588 4062 647 4108 eas,
666 4063 736 4118 <tuae
756 4047 897 4102 Caesarum
912 4055 1000 4104 aetate
1022 4053 1213 4105 memorantur,
