2890 4728
136 455 143 468 ’
240 431 304 500 348
381 455 400 496 ’,
630 429 871 492 AGlllCOLAE

241 611 457 692 cogitationum
478 608 626 691 principis
646 611 759 692 periti,
791 615 843 692 qui
874 616 1009 674 itumsue
1029 621 1106 672 esset
1130 616 1163 672 in
1188 629 1270 693 pro-

242 718 373 778 vinciam
393 717 479 780 ultro
502 715 675 798 Agricolam
696 719 933 800 interrogarent.
976 725 1020 782 aa
1043 723 1141 802 primo
1160 721 1273 782 neuil-

185 908 188 916 .
242 827 301 886 tius
322 826 454 906 quietem
477 823 780 900 etotiumlandare,
801 846 1014 906 manoperam
1044 845 1130 890 auum
1161 829 1193 886 in
1213 826 1274 888 ad-

243 932 402 1014 probanda
420 933 610 995 excusatione
629 931 760 1010 offerre;
785 944 938 1014 postremo
969 955 1029 996 nou
1059 936 1120 996 iam
1146 934 1273 994 obscuri

243 1037 403 1098 suadentes
434 1036 524 1100 simol
549 1047 755 1121 terrentesque
777 1049 949 1119 pertraxere
979 1039 1019 1100 ad
1049 1036 1304 1102 Domitianum

244 1147 306 1222 Qui
326 1151 450 1226 paratus
471 1142 678 1222 simulatione,
712 1147 744 1204 in
771 1143 981 1226 adrogantiam
1003 1147 1204 1226 compositus,
1238 1157 1275 1208 et

245 1247 343 1312 audiit
360 1272 462 1334 preces
482 1251 664 1328 excusantia,
685 1260 715 1310 et
735 1271 805 1310 euru
826 1251 990 1328 adnuisset,
1011 1254 1059 1332 agi
1079 1253 1136 1312 sibi
1158 1253 1273 1334 gratias

245 1379 349 1440 pasus
372 1369 435 1436 en,
456 1358 654 1420 recanduit
674 1355 950 1421 sanctarenae.
979 1341 1142 1420 ‘salarium
1163 1371 1272 1420 emm

246 1459 461 1542 proconsulari
482 1461 608 1522 solitum
629 1459 733 1522 offerri
754 1474 783 1522 et
803 1463 983 1544 quibusdam
1005 1487 1024 1524 a
1047 1469 1164 1548 seipso
1191 1465 1274 1526 eon-

246 1588 363 1628 cessum
381 1565 541 1648 Agricolae
571 1587 632 1628 uon
663 1566 765 1645 dedit,
796 1571 859 1630 sive
883 1569 1013 1634 offensus
1043 1593 1104 1632 nou
1134 1571 1271 1658 petitum,
1286 1573 1324 1616 ¹⁰

247 1675 311 1738 sire
332 1695 367 1736 ex
387 1675 591 1754 contuentia,
622 1695 662 1738 ne
690 1675 772 1757 quod
801 1688 939 1740 vetuerat
968 1679 1122 1749 videretur
1154 1681 1272 1743 enine.

246 1783 417 1864 Proprium
438 1782 565 1844 humani
584 1783 697 1866 ingenii
720 1795 765 1845 eat
785 1785 885 1846 odisse
907 1808 999 1870 quera
1033 1787 1174 1851 laeserit:
1206 1787 1273 1846 Do·

247 1890 366 1952 mitiani
387 1889 461 1954 ¹vern
484 1903 592 1972 natura
610 1913 751 1976 praeceps
778 1896 907 1968 inirem
927 1907 977 1970 et,
1011 1915 1073 1978 quo
1102 1895 1272 1973 morior,

247 2019 284 2060 eo
303 2000 556 2080 irrevocabilior,
578 1999 787 2064 moderatione
808 2014 908 2068 tamen
937 2005 1156 2086 prudentiaque
1177 2003 1271 2082 Agri·

246 2103 333 2168 nolae
353 2105 540 2180 leniebatur,
558 2108 631 2189 quia
651 2129 714 2168 nnn
732 2109 926 2173 coutumacia
945 2128 1045 2190 neque
1068 2109 1155 2172 inani
1179 2113 1272 2170 iacta·
1285 2095 1324 2160 ¹5

247 2213 331 2276 tione
350 2213 497 2289 libertatis
517 2213 629 2276 umam
651 2213 807 2295 fatumque
827 2215 1019 2296 pmrorabat.
1060 2217 1191 2288 Sniauts
1204 2218 1273 2298 qni·

248 2321 306 2384 bus
324 2322 482 2387 moris'est
502 2322 608 2384 illicita
628 2321 757 2400 mirari,
778 2341 867 2402 posse
887 2325 978 2403 etiam
997 2321 1054 2384 snb
1071 2315 1169 2408 maiia*
1187 2323 1274 2404 pria·

249 2427 368 2510 cipibus
385 2450 511 2512 magnos
531 2429 614 2493 viros
633 2447 717 2504 esse„
751 2428 990 2512 obsequiumque
1015 2451 1052 2492 ae
1084 2429 1273 2505 modestiam,

136 2566 139 2572 ·
249 2535 275 2600 si
296 2537 444 2600 industria
465 2557 500 2598 ac
520 2539 609 2620 rigor
627 2539 739 2614 assint,
763 2556 800 2597 eo
821 2535 915 2599 laudis
934 2537 1090 2614 exoedere,
1109 2520 1285 2620 qnoplers

136 2710 140 2718 ,
250 2661 311 2724 que
330 2660 389 2724 per
412 2642 556 2724 abrupta,-
574 2641 628 2704 aad
647 2644 679 2704 in
699 2640 817 2707 nullum
840 2641 1046 2726 reipublicae
1067 2659 1156 2706 asum
1178 2645 1325 2708 ambi-²⁰
1426 2665 1427 2716 3

248 2732 446 2811 uora'morte
463 2749 679 2816 inclaruerunt.
1224 2805 1228 2810 .
1426 2735 1427 2750 l

92 2855 239 2929 (nubib)
330 2855 414 2920 Finis
433 2860 513 2920 vitae
532 2861 594 2920 eius
613 2860 700 2922 nobis
721 2862 891 2934 luctuosus,
913 2860 1019 2922 amieis
1039 2861 1152 2938 tristis,
1170 2833 1340 2922 emelii

251 2966 315 3030 ueis
336 2967 426 3028 etiam
446 2966 617 3048 ignotisque
640 2987 702 3026 uon
722 2967 787 3059 siue
806 2986 880 3026 cura
899 2965 970 3026 fuit.
1013 2965 1127 3049 Volgus
1153 2985 1275 3048 quoque

206 3067 209 3076 ⁴
249 3084 281 3136 et
299 3073 349 3136 bic
373 3072 457 3134 aliud
476 3093 566 3154 agens
588 3073 714 3155 populus
744 3083 774 3134 et
804 3073 993 3134 ventitavere
1019 3072 1060 3134 ad
1086 3072 1214 3138 domum
1243 3083 1275 3134 et

249 3201 305 3262 per
334 3181 403 3242 fora
437 3186 469 3240 et
497 3177 627 3240 circulos
649 3177 744 3240 locuti
778 3189 868 3258 snot3
905 3199 961 3240 neo
980 3181 1139 3260 qnisquam
1159 3166 1321 3242 auctiori

248 3295 348 3348 morte
370 3283 529 3368 Agricolae
550 3296 602 3346 aut
622 3283 748 3346 laetatus
779 3296 838 3363 est,
865 3297 919 3348 ant
946 3287 1047 3348 statim
1075 3285 1191 3348 oblitus
1219 3297 1273 3348 est.

250 3387 391 3469 Augebat
410 3389 630 3477 miserationem
645 3399 785 3451 onustam
805 3387 915 3451 rumor
929 3408 1046 3452 veneno
1067 3393 1272 3474 interceptum.

250 3493 339 3558 Nobis
360 3495 436 3567 nibil
456 3497 642 3580 compertis
665 3521 684 3555 s
719 3493 871 3559 affirmare
898 3497 1007 3559 ausim.
1049 3497 1192 3558 Ceterum
1219 3519 1275 3582 per

262 3597 546 3616 *nunaunt——

336 3669 362 3704 a.
377 3656 513 3708 acerbius
530 3652 690 3710 Rhenanus:
708 3651 752 3704 ΔΕ
774 3650 906 3708 necuim

337 3750 362 3816 4.
381 3764 438 3801 non
453 3752 509 3802 iam
527 3751 684 3804 Rhenanus:
706 3745 749 3798 aa
767 3752 798 3799 et
814 3747 855 3800 Vb
875 3759 1013 3802 nontam.

320 3858 363 3896 ao.
382 3845 414 3896 in
430 3847 535 3898 nultum
552 3845 595 3897 rei
610 3857 671 3912 post
688 3861 763 3896 usum
782 3843 825 3894 ΑΕ
845 3850 873 3894 et
891 3843 948 3908 Vb;
968 3857 1062 3894 verum
1080 3839 1193 3893 exhibet
1209 3841 1239 3890 Ui

319 3937 362 3995 28·
379 3943 508 4010 comperti
525 3961 541 3992 s
559 3939 585 4010 a]
603 3939 740 3994 Nonnulla
752 3939 918 3994 exciderunt.
955 3933 1128 3992 Notts'ntttt
1136 3933 1277 4006 marpeni

251 4032 352 4102 qued
368 4035 507 4108 offirmare
527 4034 615 4088 ausim
633 4031 750 4088 coniecit
767 4032 923 4096 Acidalius5
943 4047 999 4084 non
1015 4029 1093 4084 male.
1122 4091 1126 4100 Ι
