2880 4720
582 421 673 482 cnr.
693 423 825 488 tu-tu
859 385 861 393 ’
881 379 889 390 “
1144 427 1220 492 401‘

187 606 270 665 tariis
292 603 545 677 accusationibus,
570 623 637 660 cum
662 613 723 660 tam
749 622 818 661 raro
840 613 868 660 et
900 611 960 660 tum
987 621 1080 690 parce
1104 623 1216 689 pecus-³

186 717 260 771 tur?
283 710 357 793 quid
377 709 531 770 invidiosis
551 720 580 768 et
603 706 815 794 excedentibus
834 705 957 768 modum
977 707 1211 784 defensionibus,

144 833 148 842 '
174 831 257 880 'eum
283 813 440 880 elementia
477 795 684 898 cognoscentis
715 815 837 880 obviam
859 812 1112 896 'periclitantibus
1141 815 1212 875 eat?

186 924 327 1002 Credite,
353 925 462 1006 optimi
482 933 512 984 et
532 925 564 982 iu
586 899 734 1004 quantum
757 943 834 1004 opus
856 933 900 984 est
921 920 1111 992 disertissimi
1138 921 1211 1000 riri,

159 1030 211 1092 ssi
243 1043 295 1092 aut
323 1053 380 1092 vos
400 1029 553 1112 prioribus
574 1027 698 1089 saeculis
721 1039 776 1088 aut
802 1030 849 1090 isti
880 1050 955 1112 quos
985 1031 1134 1088 miramur
1165 1027 1214 1088 his

186 1141 249 1198 nati
271 1150 379 1215 esseut,
400 1137 523 1198 ardeus
545 1115 654 1224 aliquis
671 1136 746 1198 vitus
765 1157 800 1196 ae
814 1146 918 1198 vestra
933 1145 1074 1220 tempora
1090 1144 1214 1217 repente

132 1277 135 1289 ι
186 1252 341 1314 mutasset,
361 1263 418 1302 nec
438 1241 525 1302 vobis
547 1261 665 1301 summa
685 1240 738 1302 illa
758 1239 823 1302 laus
843 1252 873 1302 et
893 1241 992 1324 gloria
1013 1242 1045 1301 in
1065 1223 1213 1322 eloquen-

185 1351 229 1406 tia
250 1367 350 1428 neque
370 1345 428 1406 iliis
449 1345 555 1407 modus
576 1355 606 1408 et
625 1357 896 1426 temperamentum
919 1346 1069 1408 defuisset.
1111 1345 1212 1416 Nune,
1304 1413 1306 1421 Α

124 1529 126 1540 1
193 1455 339 1532 quoniam
363 1470 452 1518 nemo
473 1449 580 1508 eodem
600 1443 738 1530 tempore
756 1453 872 1530 assequi
895 1446 993 1530 potest
1013 1470 1152 1532 magnam
1169 1449 1215 1509 fa-

140 1563 268 1616 1⁰mam
288 1567 319 1617 et
339 1547 490 1639 maguum¹
502 1556 653 1636 quietem,
688 1555 769 1616 bono
790 1557 900 1618 saeculi
920 1559 965 1616 sui
988 1556 1123 1638 quisque
1141 1558 1216 1644 citro

139 1664 144 1742 J
187 1663 439 1724 obtrectationem
459 1659 582 1722 alterius
603 1670 715 1721 utatur.

121 1747 177 1838 [42
269 1768 404 1830 Finierat
426 1771 592 1830 Maternus.
637 1767 718 1828 Tum
738 1766 884 1850 Messeis,
903 1767 1001 1830 Erant
1021 1767 1215 1848 quibuscun-

185 1873 386 1952 tredioerem,
410 1885 498 1938 erant
518 1875 556 1936 de
578 1875 690 1959 quibus
710 1875 798 1956 plura
828 1877 889 1936 dici
917 1877 1041 1954 vellem,
1069 1876 1128 1936 nisi
1154 1866 1215 1936 iam

185 1983 249 2044 dies
268 1994 344 2044 esset
376 1994 503 2044 exactus.
529 1983 632 2058 utet,
651 1981 763 2060 inquit
790 1981 968 2056 Maternus,
999 1991 1102 2061 postea
1133 1981 1215 2042 arbi·

184 2088 268 2146 'tratu
289 2097 362 2164 tuo,
392 2095 423 2146 et
444 2105 550 2154 rursus
580 2085 777 2150 conferemus.
819 2084 863 2143 Ac
888 2071 978 2148 simul
1006 2105 1163 2168 assurgens
1187 2097 1241 2146 et¹

186 2197 304 2273 Aprum
326 2191 519 2271 complexus,
539 2189 625 2271 Ego,
646 2192 765 2270 inquit,
786 2201 817 2250 te
837 2189 954 2272 poetis,
981 2192 1106 2251 Messala
1136 2191 1216 2251 anti·

188 2299 301 2382 quariis
318 2298 560 2396 criminabimun
601 2300 642 2358 At
662 2317 716 2378 ego
733 2303 789 2359 'vos
811 2295 983 2361 rhetoribus
1005 2307 1035 2359 et
1057 2295 1237 2386 scholasti·¹

186 2406 250 2487 cis,
272 2405 381 2487 inquit.
409 2441 412 2456 s

270 2512 556 2588 Cumadrisissent,
579 2511 780 2574 discessimus.
826 2546 828 2552 ι

270 2755 298 2804 9.
316 2735 338 2788 F
355 2755 389 2791 ao
406 2749 509 2799 vestro,
530 2737 553 2787 si
566 2735 728 2808 Schluttigio
746 2735 823 2800 fides,
842 2755 876 2792 ac
887 2751 1004 2802 vestras,
1022 2741 1215 2796 siNiebubrio·
1266 2774 1268 2780 ‚

233 2862 237 2881 0
258 2849 298 2884 11.
318 2831 350 2882 In
368 2831 390 2882 F
409 2837 472 2898 post
491 2841 587 2884 utatur
605 2832 724 2901 spatium
740 2832 870 2892 tarnum,
887 2832 1014 2886 nimirum
1032 2833 1068 2886 sd
1086 2835 1212 2889 iudicen-

187 2923 252 2986 dum
267 2921 399 2976 'sermonis
417 2923 508 2976 finem.
544 2925 628 2978 Deest
645 2925 726 2980 nihil.

133 3009 135 3017 ⁴
258 3018 511 3086 12.tum]ch,
543 3016 592 3086 qui
613 3020 651 3074 16.
677 2997 941 3090 cum'antiqimriis:
967 3036 1025 3074 oum
1045 3019 1146 3074 delevit
1163 3023 1213 3074 Pu·

186 3111 320 3164 teolanuu.
