2912 4730
387 498 392 508 ·
429 519 439 582 J
505 475 579 537 LlB.
601 476 643 537 ll.
665 473 752 539 GAP.
773 476 910 544 71-75.
1130 521 1138 529 -
1172 479 1232 544 113

205 647 325 715 cantem
345 652 751 736 parsilontium'audierints
777 657 911 719 Muciani
928 657 1047 716 animus
1063 585 1238 738 nddVespa·
1252 667 1279 736 (a
1293 659 1322 720 C.
1341 667 1397 740 69.)
1450 631 1451 634 ¹

177 797 185 808 -·
205 765 289 822 siano
318 760 435 832 alienus
465 773 494 822 et
526 763 558 822 in
584 764 689 824 Titum
725 761 862 846 pronior.
905 763 1081 824 Praefectus
1112 764 1241 844 Aegypti

204 867 346 930 Tiberius
366 869 673 933 Alexander-consilia
700 872 880 933 sociaverat.
920 868 1060 932 Tertiam
1076 869 1242 954 legionem,

205 977 288 1058 quod
319 971 357 1041 de
384 982 472 1064 Syria
498 981 530 1042 in
561 983 718 1042 Moesiam·
733 980 905 1051 transisset,
938 979 1242 1040 saramanumerabat.

180 1075 333 1142 bCetcrae
367 1085 482 1166 lllyrici
509 1086 647 1166 legiones
674 1093 833 1146 secuturae
860 1083 1077 1164 sperabantur.
1114 1105 1245 1165 namque

207 1206 310 1248 omnes
334 1195 483 1252 exercitus
505 1191 716 1252 flammaverat
737 1191 915 1272 adrogantia
938 1193 1162 1288 venientinma
1189 1195 1245 1253 Vi·

208 1294 293 1355 tellio
314 1296 466 1374 militurn,
488 1299 571 1381 quod
592 1310 689 1358 truces
711 1319 861 1380 corpore,
886 1297 1001 1358 horridi
1025 1300 1165 1368 se'rrnone
1194 1321 1244 1374 ce·

207 1411 289 1461 teros
301 1411 344 1460 ut
365 1401 492 1482 impares
512 1384 691 1481 irridebant.
734 1402 824 1463 Sed
817 1421 846 1462 ns
871 1411 956 1467 tanta
977 1393 1057 1464 mole
1085 1405 1158 1466 belli
1178 1405 1245 1487 ple.
1299 1397 1306 1414 '¹

162 1523 336 1588 torumque
360 1507 526 1580 cunctatior
551 1517 581 1566 'et
604 1507 806 1588 Vespasianus
826 1509 916 1596 modo
942 1509 971 1570 in
1001 1531 1083 1594 spem
1115 1522 1243 1582 erectus,

206 1613 372 1696 aliquando
394 1615 519 1676 adversa
545 1617 717 1698 reputabat.
761 1619 840 1694 Quis
874 1617 925 1676 ille
956 1617 1019 1678 dies
1049 1617 1143 1694 foret,
1184 1639 1247 1699 qno

203 1725 357 1804 ‘sexaginta
379 1723 483 1784 aetatis
505 1745 602 1784 annos
626 1735 658 1784 et
678 1727 757 1786 daos
779 1724 857 1784 lilios
875 1716 1000 1784 iuuenes
1018 1712 1098 1784 bello
1121 1723 1247 1804 permit-

207 1827 307 1896 teret?
334 1849 396 1889 asse
427 1830 558 1909 privatis
589 1829 826 1910 cogitationibus
856 1849 1063 1912 progressum,
1096 1841 1128 1892 'et
1154 1841 1248 1912 prout

119 1963 121 1968 s
208 1935 318 2010 velint,
337 1933 407 2014 plus
427 1936 567 1994 minusve
590 1935 670 1993 sumi
689 1953 732 1992 ex·
746 1932 888 1992 lorlurra:
912 1933 1082 2015 imperinnn
1097 1936 1249 2018 cupienti·

90 2022 93 2037 l
144 2023 196 2106 75
208 2041 265 2102 bns
283 2039 360 2100 nihil
379 2041 513 2100 medium
536 2041 619 2100 inter
639 2063 756 2114 suprrna
773 2025 1017 2122 authraecipitia.
1059 2043 1248 2104 Versabatur

154 2219 160 2224 .
209 2159 279 2208 ante
299 2148 406 2208 oculos
428 2148 603 2206 Germanici
624 2150 774 2208 exercitus
795 2149 911 2222 robur,
948 2157 1054 2207 notum
1076 2149 1144 2210 viro
1165 2149 1246 2211 mili·

208 2254 285 2316 tari:
303 2275 372 2332 suas
392 2253 525 2332 legiones
547 2251 630 2312 civili
653 2253 733 2314 bello
754 2257 941 2334 inexpertas,
971 2253 1087 2319 Vitellii
1107 2255 1248 2316 victrices

143 2399 147 2414 ι
209 2373 239 2423 et
259 2359 341 2444 apud
364 2359 458 2418 victos
475 2353 544 2437 plns
562 2353 828 2434 querimoniarum.
841 2349 932 2438 quam
953 2359 1076 2418 virium.
1119 2357 1248 2430 Floram

210 2489 267 2550 per
290 2463 455 2556 discordias
476 2462 611 2522 militum
629 2461 736 2541 fidem,
774 2473 804 2523 et
837 2462 1066 2544 periculones
1099 2461 1271 2550 singolis(

58 2607 60 2610 ·
163 2575 285 2658 noquid
311 2563 392 2635 enini
416 2573 594 2655 profuturas
614 2561 757 2634 cobortes
774 2570 916 2654 alasque,
945 2573 971 2633 si
999 2593 1078 2634 unus
1110 2573 1247 2660 alterque

212 2681 363 2764 praesenti
397 2679 531 2742 facinore
556 2671 697 2762 paratura
726 2698 760 2740 ex
790 2677 911 2742 diverso
939 2680 1108 2765 praemium
1140 2687 1248 2768 petat?

365 2818 369 2828 t

215 2848 487 2873 W

213 2957 376 3016 sacramenti
395 2955 539 3050 formulam
559 2971 619 3008 cnm
648 2953 739 3012 verbis
761 2953 866 3034 qnod
861 2954 961 3010 bonam
974 2954 1052 3028 salia
1066 2956 1248 3032 faustumque

168 3039 171 3046 Ι
214 3055 251 3108 sit
269 3051 443 3108 inchoavit.

300 3151 326 3206 3.
345 3143 486 3242 Tiberius]
509 3141 771 3196 Praenomendedit
790 3143 921 3196 Muretus.
942 3144 1038 3198 Statim
1057 3142 1179 3198 desiria
1195 3143 1248 3199 M⁸

279 3263 326 3315 9
345 3245 377 3296 in
395 3253 476 3296 tanta
497 3239 582 3294 codex
603 3226 751 3289 Picbcnae.
772 3230 865 3290 iniant¹
886 3258 904 3293 a
923 3237 975 3297 Ma.
1052 3263 1067 3284 a

287 3355 329 3388 ar.
346 3337 476 3409 flacinore
494 3335 530 3384 u:
541 3330 674 3402 facinori
692 3328 761 3399 (Ma)
780 3336 809 3381 ot
824 3333 916 3390 ceteri.
942 3359 976 3375 —-
995 3329 1137 3384 Ablstivus
1166 3345 1248 3399 pras·
1330 3371 1336 3388 ,

215 3431 433 3502 sentisacinore
452 3423 610 3478 referendus
629 3419 721 3472 estad
741 3419 854 3474 verbum
881 3435 959 3492 parat
987 3429 1019 3474 ut
1044 3437 1131 3474 casus:
1146 3423 1250 3476 instra.

217 3525 350 3580 ntentalis.
369 3524 552 3594 parmaneat
567 3515 737 3588 propositum
750 3515 792 3581 vel
803 3502 978 3586 prompserim
990 3523 1122 3585 praesens
1135 3518 1250 3585 [acinus

218 3616 292 3688 quod
311 3615 446 3684 extemplo
465 3619 555 3682 potest
573 3609 697 3660 accidere
715 3623 745 3660 ac
762 3607 900 3676 provideri
919 3608 1031 3678 nequit,
1046 3615 1086 3679 ut¹
1098 3611 1128 3661 Α.
1145 3611 1174 3674 I,
1206 3615 1249 3668 38,
1268 3654 1270 3658 .

157 3724 159 3726 ’
217 3729 346 3786 praesens
370 3707 532 3779 supplicium
551 3701 625 3774 quod
650 3703 740 3751 statim
770 3701 901 3756 sumitur,
928 3709 956 3752 et
977 3717 1109 3769 praesens
1130 3703 1250 3774 pecunia

219 3823 289 3878 quae
307 3805 396 3856 statim
416 3807 589 3859 numeratur,
608 3806 635 3848 et
654 3813 785 3867 praesens
801 3796 953 3865 periculam
973 3796 1046 3868 qnod
1073 3799 1164 3877 statim
1191 3811 1251 3849 cor·

220 3901 295 3968 ripit.
331 3898 434 3950 Nomen
445 3891 608 3964 facinore
601 3908 630 3944 rn
647 3889 786 3963 Plerisque
800 3888 945 3940 codicibus
972 3901 1128 3962 corruptum
1154 3899 1195 3941 est
1222 3891 1251 3940 in

211 3993 359 4068 facinori,
378 4007 443 4060 quta
461 3988 583 4042 additum
601 3987 813 4058 praesentante
831 3999 896 4036 sono
919 3984 974 4040 sive
1009 3988 1100 4040 littera
1131 3951 1251 4037 librariis

223 4085 313 4138 fraudi
333 4083 393 4134 init
847 4085 849 4092 “
1097 4085 1099 4090 ·

1036 4175 1092 4235 8,
