2914 4724
224 392 265 460 fid
589 394 879 458 HISTORlARUM

63 606 90 674 (a
107 604 137 658 c,
152 601 209 678 gg)
223 571 347 634 invalidi
366 581 397 636 et
420 571 511 654 louge
531 593 607 654 pnce
628 573 759 650 desides,
791 575 887 656 segnis
912 583 942 634 et
969 571 1061 634 oblita
1094 572 1245 636 bellorum

218 678 379 758 nobilitas,
399 679 665 762 ignarusmilitiae
686 701 792 763 eques,
824 691 942 763 quanto
971 681 1065 762 magis
1094 680 1246 742 occultare

219 779 251 851 el
271 787 385 849 abdere
405 807 555 868 pavorem
587 785 781 862 nitebantur,
812 788 996 850 manifestius
1022 788 1137 870 pavidi.
1182 787 1246 848 Nee

219 897 345 956 deerant
366 915 382 954 e
403 893 555 954 contrario
575 897 627 976 qui
649 893 813 956 ambitione
832 895 942 957 stolida
963 898 1125 978 conspicua
1147 915 1244 971 arma,

219 1002 349 1084 insignes
369 1023 479 1085 equos,
504 1001 626 1084 quidam
648 1001 817 1064 luxuriosos
839 1015 1003 1085 apparatus
1036 1003 1244 1064 conviviorum
1256 1015 1274 1078 5

218 1121 248 1172 et
267 1113 453 1174 irritamenta
472 1110 633 1172 libidinum
653 1123 687 1172 ut
706 1113 910 1174 instrumenta
929 1111 1000 1173 belli
1025 1111 1244 1172 mercarentur.

217 1217 409 1298 sapientibus
430 1218 537 1300 quietis
556 1227 588 1278 et
600 1218 642 1278 rei
657 1218 794 1298 publicae
813 1239 908 1294 cura3
930 1217 1099 1279 levissimus
1119 1219 1245 1298 quisque

217 1334 247 1384 et
265 1324 361 1385 futuri
381 1325 569 1406 improvidus
590 1345 641 1404 spe
662 1345 740 1385 vana
762 1335 902 1401 tumens,
936 1325 1021 1386 multi
1045 1326 1153 1384 afflicta
1186 1323 1245 1383 fide

215 1417 247 1491 in
269 1453 360 1512 pace,
382 1455 417 1494 ae
437 1432 566 1493 turbatis
588 1433 679 1495 rebus
700 1432 813 1493 alacres
834 1443 864 1492 et
884 1453 937 1512 per
958 1432 1073 1492 incerta
1092 1431 1242 1494 tutissimi.

214 1537 274 1600 Sed
284 1537 389 1621 volgus
411 1547 441 1598 et
451 1515 657 1620 magnitudine
669 1540 761 1598 nimia
772 1538 979 1600 communium
988 1557 1131 1598 curarum
1143 1559 1245 1620 expers
1254 1544 1308 1624 39

213 1645 343 1730 populus
365 1645 478 1706 sentire
494 1631 642 1726 paulati-m
664 1645 737 1706 belli
757 1644 858 1721 mala,
890 1663 1034 1704 conversa
1063 1644 1095 1703 in
1116 1643 1245 1706 militum

214 1774 304 1830 usum
326 1753 409 1814 omni
437 1753 594 1834 pecunia,=
612 1755 737 1814 intentis
762 1754 976 1814 alimentorum
1005 1750 1130 1832 pretiis;
1165 1773 1246 1834 qnae

214 1872 300 1923 nrotu
333 1859 471 1924 Vindicis
499 1859 588 1922 baud·
609 1861 733 1943 perinde
753 1840 872 1944 plebem
903 1860 1109 1936 admiserant,
1138 1879 1245 1920 secura

214 1979 283 2050 tum
298 1967 377 2028 urbe
399 1979 429 2029 et
449 1965 629 2050 provinciali
653 1967 749 2044 bello,
785 1967 866 2050 quod
898 1968 978 2028 inter
1009 1966 1141 2047 legiones
1170 1964 1265 2045 Gal-¹

212 2074 328 2158 liasque
348 2073 432 2136 velut
453 2085 607 2136 externum
626 2075 697 2135 fuit.
740 2075 815 2136 Nam
836 2095 873 2134 ex
900 2093 961 2156 quo
980 2073 1066 2132 divus
1088 2073 1243 2154 Augustus
1257 2092 1292 2154 ,5

211 2203 260 2252 res
281 2183 442 2245 Caesarum
464 2161 647 2263 composuit,
669 2182 773 2262 procul
792 2191 824 2242 et
844 2181 873 2240 in
897 2179 987 2239 unius
1009 2178 1243 2240 sollicitudinem

213 2301 265 2354 aut
286 2290 377 2352 decus
398 2289 528 2372 populus
558 2290 716 2350 Romanus
741 2287 917 2354 bellaverat.
961 2285 1026 2348 Sub
1054 2285 1177 2347 Tiberio
1212 2297 1243 2350 et

214 2397 290 2456 Gaio
308 2405 429 2456 tantum
441 2395 524 2476 pacis
536 2394 661 2455 adversa
682 2397 880 2475 pertimuere.
922 2391 1114 2454 Scriboniani
1129 2403 1242 2456 contra

214 2502 372 2563 Claudium
392 2502 513 2582 incepta
534 2499 622 2561 simul
643 2502 744 2562 audita
773 2513 802 2562 et
834 2503 984 2579 coercita3
1016 2498 1097 2559 Nero
1128 2483 1257 2561 nuntiis¹

215 2608 307 2690 magis
331 2617 363 2670 et
381 2607 553 2668 rumoribus
578 2629 670 2690 quarn
697 2607 787 2668 armis
815 2603 966 2688 depulsus.
1006 2605 1087 2667 Tum
1107 2606 1239 2689 legiones
1248 2635 1288 2678 20

289 2808 328 2858 18.
349 2800 464 2856 adverse
479 2798 652 2873 pertimuere]
675 2799 790 2855 aduerso
808 2799 924 2871 reipubl,
952 2801 1114 2871 pertimuere
1135 2801 1160 2852 G
1179 2817 1239 2852 eum

216 2898 277 2948 aliis
287 2905 301 2958 ,'
317 2894 432 2949 adversa
449 2913 473 2952 r.
488 2915 516 2966 p.
531 2897 698 2967 pertimuere
719 2895 749 2949 Β,
770 2921 805 2932 -··
824 2893 862 2943 Ex
878 2893 953 2947 verbi
974 2897 1138 2964 pertimuere
1156 2897 1239 2948 initio

215 2988 289 3040 haud
306 2988 446 3040 luculente
464 2991 562 3056 scripto
583 2991 692 3042 litterae
713 2986 777 3037 illae
793 3006 816 3038 r.
834 3007 860 3058 p.
878 2995 956 3038 natae
979 2997 1054 3055 sunt3
1084 2989 1148 3041 inde
1178 3009 1239 3043 curn

214 3085 344 3136 elicerent
360 3084 403 3136 rei
414 3083 552 3155 publicae,
569 3099 661 3156 neque
678 3085 729 3133 boc
742 3083 878 3152 quomodo
898 3084 1066 3150 explicarent
1078 3087 1239 3153 reperirent,

214 3179 301 3230 varias
318 3177 426 3228 librarii
441 3178 609 3246 corruptelae
629 3175 829 3244 procuderunt,
848 3176 942 3246 quales
961 3178 1132 3243 reperiuntur
1150 3180 1179 3232 in
1191 3199 1239 3234 co-

215 3271 275 3323 dice
292 3271 426 3324 Pichenae
446 3270 607 3323 Florentino
626 3267 741 3322 adversa
759 3288 781 3322 r·
801 3289 826 3342 p·
842 3263 1010 3340 pertinuere,
1028 3270 1091 3318 inR
1109 3271 1240 3328 adversus

216 3363 342 3436 rempubl.
360 3368 535 3440 pertinuere,
553 3367 621 3416 inl
642 3362 757 3418 adversa
777 3365 808 3418 in
825 3381 854 3417 re
871 3365 982 3434 publica
999 3366 1171 3434 pertimuere.
1199 3368 1239 3418 Ex

215 3461 259 3512 bis
274 3459 362 3512 turbis
372 3467 472 3514 ‘verum
491 3457 609 3520 dispexit
626 3459 743 3528 Lipsius,
762 3477 821 3513 cnm
838 3475 917 3512 voces
937 3461 979 3513 rei
994 3461 1122 3530 publicae
1144 3463 1239 3514 delen-

219 3555 265 3607 das
282 3565 396 3612 censert.
419 3533 576 3610 'Sententia
592 3556 673 3622 plana
695 3563 736 3606 est
756 3561 784 3606 et
804 3566 881 3606 vera:
909 3557 1028 3620 Augusto
1055 3550 1180 3623 principe
1208 3557 1237 3606 iu

215 3651 297 3704 unius
321 3665 412 3700 euram
441 3658 489 3702 ant
518 3647 630 3718 gloriam
658 3647 775 3717 populas
802 3649 936 3700 Romanus
966 3645 1097 3709 bellavit,
1123 3645 1236 3698 Tiberio

215 3745 340 3815 Gaioque
354 3746 564 3812 imperantibus,
595 3760 656 3796 enm
682 3743 756 3796 bella
784 3746 904 3814 graviora
931 3743 1117 3813 (Germanicus
1142 3743 1238 3794 unicus
1264 3805 1267 3810 ἱ

215 3841 283 3894 belli
302 3841 358 3892 dux
373 3839 425 3892 rub
448 3841 558 3896 initium
585 3841 755 3910 principatus
778 3839 885 3894 Tiberii
913 3837 1136 3908 exstinctorem)
1161 3837 1239 3888 nulla

217 3941 391 4000 gererentur,
413 3939 519 3988 tantm
543 3935 618 4006 pacis
649 3933 778 3998 adversa,
808 3933 836 3986 b.
861 3949 886 3986 e.
914 3933 1065 4000 principun
1091 3931 1239 3992 saevitiam,

216 4027 388 4095 pertimuere.
