2914 4724
187 376 228 443 40
549 377 838 438 ntsruutsnuu

19 555 41 619 (ὃ
61 557 87 607 C·
154 557 338 633 ·)tationem,
361 577 503 638 oppressa
529 557 682 636 Capitonis
703 559 827 617 consilia
850 561 968 636 ingrate
988 555 1113 632 tulisset,
1129 557 1214 614 insti-

184 687 256 747 gare
277 665 456 738 Vitellium,
479 664 621 723 ardorem
644 663 774 724 rnilitum
795 677 956 724 ostentans.
1002 667 1102 744 lpsum
1135 663 1215 722 cele.

183 774 230 832 bri
252 774 365 852 ubique
385 771 480 846 fama,
498 769 627 836 „nullam
659 773 690 829 in
719 771 829 832 Flacco
859 772 1042 832 Hordeonio
1073 793 1215 846 moram3
1280 777 1286 812 ’ν

184 877 277 936 affore
296 879 495 952 Britanniam,
515 888 651 937 secutura
662 879 885 938 Germanorum
904 879 1030 954 auxilia3
1054 877 1131 936 male
1143 878 1217 936 lidas

183 981 365 1064 provincias,
387 981 562 1061 precarium
580 983 643 1041 seni
658 982 818 1062 imperium
842 992 874 1042 et
895 981 982 1041 brevi
1003 975 1245 1044 transiturum.5

183 1087 337 1147 Panderet
359 1087 450 1146 modu
468 1089 566 1148 sinum
579 1100 610 1148 et
630 1090 762 1148 venienti
776 1091 930 1150 Fortunae
940 1103 1128 1152 occurreret.
1152 1095 1218 1152 bic·

184 1197 246 1254 rito
267 1193 419 1254 dubitasse
441 1194 619 1276 Verginium
654 1199 786 1276 equestri
810 1197 946 1274 familia,
977 1199 1085 1278 ignoto
1113 1213 1215 1281 patre,

186 1303 339 1380 imparem,
361 1301 385 1360 si
407 1302 570 1381 recepisset
588 1301 760 1380 imperium,
782 1313 897 1376 tutum,
915 1305 941 1362 si
958 1317 1131 1366 recusasset.
1160 1309 1219 1368 Vi.

185 1406 267 1466 tellio
288 1417 348 1468 tres
370 1410 464 1489 patris
486 1405 659 1466 consulatus
680 1429 842 1466 censuram
863 1407 1025 1488 collegium
1038 1415 1173 1474 Caesaris
1187 1427 1217 1475 et

186 1515 338 1595 imponere
369 1513 548 1596 iampridem
577 1515 771 1596 imperatoris
805 1515 1011 1598 dignationem
1043 1529 1073 1576 et
1103 1517 1267 1576 auferrem

48 1633 161 1730 f
184 1624 293 1706 privati
318 1625 517 1684 securitatem.
562 1623 762 1700 Quaticbatur
793 1622 841 1682 his
869 1645 959 1703 segue
985 1626 1156 1705 ingenium,
1185 1613 1284 1690 ut53

185 1729 416 1811 concupisceret
443 1731 536 1812 magis
558 1751 649 1811 quam
679 1741 713 1798 nt
733 1741 885 1810 speraret.
929 1730 972 1790 At
1002 1733 1031 1788 in
1066 1733 1219 1810 superiore

187 1839 350 1896 Germania
373 1836 503 1895 Caecina
526 1836 637 1896 decora
661 1837 805 1910 inventa,
829 1855 959 1915 corpore
981 1839 1105 1914 ingens,
1128 1837 1228 1895 animi»

179 1931 385 2018 immodicus,
410 1945 487 2004 scito
510 1963 668 2020 sermone,
689 1953 791 2004 erecto
813 1944 929 2004 incessu
958 1943 1058 2004 studia
1088 1943 1227 2014 militum,

187 2049 333 2112 illexerat.
375 2049 466 2108 Hune
484 2051 625 2110 iuvenem
649 2049 960 2130 Galba.quaestorem
983 2049 1013 2108 iu
1029 2051 1145 2111 Baetica
1158 2053 1218 2108 im.
1232 2045 1267 2108 15

187 2158 270 2239 pigre
292 2157 323 2212 in
345 2166 442 2236 partes
461 2172 529 2214 suas
548 2166 769 2235 transgressum
793 2154 902 2235 legioni
924 2159 1119 2236 praeposuit,
1151 2175 1221 2216 mox

188 2273 376 2344 compertum
398 2262 552 2344 publicam
583 2264 742 2344 pecuniam
778 2266 922 2324 avertisse
953 2275 988 2323 ut
1018 2262 1220 2344 peculatorem

189 2370 434 2452 flagitariiussit.
477 2371 604 2430 Caecina
636 2391 722 2450 aegre
752 2391 858 2450 passus
886 2373 1015 2428 miscere
1050 2377 1158 2427 cuncta
1191 2378 1222 2427 et

190 2478 309 2568 privata
336 2475 461 2536 volnera
490 2477 536 2538 rei
570 2477 711 2556 publicae
735 2477 821 2537 malis
850 2480 971 2558 operire
999 2479 1115 2536 statuit.
1157 2475 1221 2534 Neu

192 2587 319 2666 «lucrant.
336 2585 366 2646 iu
391 2585 524 2648 exercitu
546 2584 659 2650 semina
682 2584 871 2663 discordiae,
902 2587 986 2668 qnod
1012 2595 1042 2648 et
1062 2583 1143 2642 bellu
1166 2583 1270 2646 adso

191 2709 294 2752 versus
312 2689 473 2750 Vindicem
495 2689 652 2750 universus
672 2689 809 2769 alliserat,
830 2714 885 2752 nec
908 2694 965 2754 uisi
986 2693 1086 2752 occiso
1098 2691 1222 2750 Nerone

192 2794 356 2854 translatus
399 2795 446 2856 iu'
473 2779 622 2872 Galbam,
669 2805 758 2876 atque
793 2800 823 2855 in
933 2801 998 2879 ipso
1036 2805 1223 2856 sacramento
1277 2769 1285 2786 .

193 2898 309 2959 vexillis
330 2899 478 2960 inferioris
502 2901 683 2960 Germaniae
702 2913 867 2982 praeventu
976 2948 983 2964 .
1026 2904 1067 2963 Et
1095 2905 1222 2964 Treveri

194 3025 229 3064 ac
249 3006 420 3086 Lingones,
442 3027 574 3088 quasque
596 3006 668 3067 alias
689 3011 824 3072 civitates
855 3033 872 3070 a
902 3065 903 3068 ,
996 3033 1009 3070 s
1038 3011 1144 3070 edictis
1171 3021 1224 3066 aut

194 3103 306 3175 damno
328 3113 434 3175 linium
452 3114 548 3175 Galba
569 3115 749 3198 perculerat,
772 3119 906 3182 bibernis
925 3117 1081 3198 legionum
1102 3113 1273 3198 pt'oplusa5
1342 3130 1344 3139 “

195 3221 379 3302 miscentnr3
399 3223 482 3286 unde
503 3225 642 3286 seditiosa
665 3223 837 3310 colloquia,
860 3239 889 3288 ct
909 3229 987 3286 inter
1009 3243 1137 3306 paganos
1153 3245 1225 3284 cor·

195 3325 319 3414 ruptilor
337 3318 439 3418 miles,
464 3339 494 3390 et
514 3329 543 3388 in
566 3331 749 3417 Verginium
771 3333 858 3393 favor
876 3332 1048 3410 cuicunque
1069 3330 1120 3390 alii
1153 3351 1225 3411 pro·

195 3431 324 3498 futurus.
366 3436 488 3497 Miserat
507 3436 614 3498 civitas
645 3439 815 3521 Lingonum
847 3435 1121 3498 veterc'instituto
1145 3437 1292 3528 doua5l,

195 3645 293 3704 lorcm
317 3651 555 3734 maestitiamque
576 3651 731 3731 compositi
741 3693 750 3720 ,
788 3651 1007 3728 praeprincipia
1033 3669 1085 3726 per
1118 3656 1277 3726 contu-30

194 3751 299 3808 bernis
321 3753 411 3811 ruodo
432 3775 498 3814 snas
521 3756 645 3814 iniurias
667 3755 758 3814 modo
774 3753 942 3848 vicinarum
959 3752 1125 3809 ciuitatium
1138 3771 1229 3829 prae-

191 3853 297 3872 —bo-s-
305 3861 360 3872 a...
377 3863 477 3876 -..m-„-

194 3535 376 3617 legionibus,
397 3539 525 3619 dextras,
547 3543 668 3625 hospitii
681 3545 806 3624 insigne.
849 3542 951 3620 Legati
964 3561 1069 3598 eornm
1092 3541 1120 3598 iu
1137 3561 1228 3617 squa·

1437 3685 1438 3728 t

1437 3805 1438 3836 l

272 3907 309 3956 ¹3-
330 3905 425 3965 decori
446 3909 496 3960 bta.
532 3911 602 3960 Deio
622 3910 690 3960 scito
708 3907 839 3976 Lipsius:
858 3906 964 3958 codices
993 3907 1055 3959 ciro.

269 4003 309 4051 31.
329 4003 400 4072 sitos}
416 4005 446 4054 tn
463 4021 526 4052 suus
545 3999 597 4059 W,
611 4007 638 4050 cl
660 4018 684 4067 p.
706 3992 748 4066 sgr}
766 4021 790 4067 9.
810 4003 926 4072 inglorie,
947 4007 973 4050 et
993 4019 1018 4067 p.
1040 4004 1080 4068 dr.
1095 4019 1131 4070 17.
1149 4001 1227 4069 piget.
