2912 4730
181 407 261 498 '118
316 392 317 400 ‘
571 400 860 465 nrsronunun
908 379 911 404 '

41 575 111 666 ilc·
132 577 354 670 ⁶ttlpcnatiunr
386 589 599 672 diligebantur.
642 588 726 650 Ante
746 587 812 648 idus
840 585 930 647 Iulias
957 583 1046 666 Syria
1075 581 1171 641 ornnis
1199 581 1292 666 5⁰81
1326 569 1331 574 ⁸

201 690 309 753 eodem
327 705 517 755 sacramento
536 693 602 754 suit.
647 694 812 754 Accessere
845 712 915 752 curn
951 713 1045 774 regno
1066 689 1233 750 Sohaemus
1328 685 1337 700 '

200 798 282 859 hund
302 799 480 880 spernendis
502 800 633 878 viribus,
656 798 823 860 Antiochus
843 797 969 858 vetustis
990 796 1099 878 opibus
1129 799 1234 876 ingens
1277 799 1282 807 '

170 916 173 929 '
200 918 230 967 et
252 907 481 970 inservientium
501 929 605 990 regum
627 907 802 970 ditissimus.
846 906 915 966 Mor
939 925 993 986 per
1014 903 1235 964 occultossuo-

201 1033 272 1074 rum
290 1015 551 1078 nuntics‘excitus
573 1016 612 1076 ab
634 1016 712 1076 urbe
733 1013 891 1096 Agrippa,
922 1011 1028 1092 ignaro
1057 1009 1157 1070 adbuc
1180 1009 1265 1076 Vi-5
1290 1064 1295 1070 .

201 1123 303 1203 tellio,
323 1102 417 1188 celeii
440 1127 631 1208 navigatione
651 1132 877 1208 properaverat.
921 1119 986 1182 Nec
1002 1120 1120 1180 minore
1134 1122 1237 1180 animo

201 1233 306 1314 rcg'iua
327 1235 471 1296 Berenice
500 1243 599 1316 partes
628 1231 772 1310 iuvabat,
810 1229 919 1291 florens
950 1213 1059 1290 aerata
1078 1227 1237 1308 formaque
1323 1217 1326 1222 ’
1379 1223 1382 1232 “

202 1353 232 1403 et
252 1341 318 1403 seni
339 1363 461 1424 quoque
480 1341 667 1423 Vespasiano
690 1337 914 1422 magnificentia
947 1352 1113 1398 munerum
1142 1345 1235 1416 grata.

202 1450 356 1532 Quicquid
393 1447 618 1531 provinciarum
639 1449 777 1510 adluitur
804 1450 882 1507 mari
912 1447 981 1508 Asia
1010 1457 1102 1528 atque
1123 1444 1237 1506 Achaia

201 1565 304 1634 tenus,
325 1566 533 1638 quantumque
554 1557 701 1617 introrsus
721 1557 753 1616 in
774 1556 913 1617 Pontum
933 1563 965 1615 et
984 1551 1150 1614 Armenios
1181 1573 1236 1634 pa.
1249 1565 1286 1609 to

200 1663 306 1736 tescit,
336 1663 484 1724 iuravere.
528 1664 586 1724 Sed
615 1664 744 1724 inermes
773 1659 863 1746 legati
894 1659 1062 1744 regebant,
1101 1658 1238 1720 nondum

202 1767 313 1828 additis
324 1769 532 1852 Cappadociae
548 1771 725 1854 legionibus.
769 1767 940 1832 Consilium
957 1768 996 1830 dc
1004 1788 1121 1829 summa
1136 1788 1239 1832 rernm

202 1878 309 1958 Beryti
331 1875 475 1940 habitum.
519 1879 593 1943 lllue
628 1858 790 1941 Mucianus
818 1899 887 1938 cum
914 1878 1021 1958 legatis
1045 1875 1239 1958 tribunisque

126 2027 130 2032 -
202 1995 233 2046 ct
252 1985 490 2066 splendidissimo
518 2007 644 2068 quoque
671 1984 886 2046 centurionum
914 2003 950 2042 ae
978 1975 1123 2044 militum
1141 1986 1236 2062 venit,

202 2099 233 2154 et
253 2111 271 2150 e
293 2089 416 2151 ludaico
435 2094 568 2152 exercitu
589 2091 665 2152 lecta
679 2089 802 2149 deeora.
843 2087 978 2149 Tantum
1001 2087 1288 2170 simulpcditum15

203 2185 399 2280 equitumque
419 2207 450 2260 et
470 2195 688 2258 aemulantium
705 2197 829 2258 intense
848 2199 952 2278 reg'um
968 2204 1093 2276 paratus
1106 2193 1238 2276 speciem

203 2305 344 2367 fortunae
366 2304 542 2388 principalis
561 2302 731 2366 effecerant.
774 2303 880 2367 Prima
902 2303 974 2366 belli
990 2325 1062 2364 cura
1084 2325 1172 2386 agere
1184 2304 1237 2365 de-
1249 2277 1304 2360 82

204 2411 317 2494 lectus,
345 2435 488 2477 revocare
508 2424 676 2477 veteranos.
727 2417 930 2477 Destinantur
955 2413 1075 2474 validae
1103 2413 1239 2474 civitates

204 2521 377 2584 exercendis
405 2545 564 2585 armornm
593 2523 739 2604 officinis3
770 2524 852 2606 apud
887 2521 1101 2584 Antiochenses
1129 2545 1236 2583 aurum

206 2641 426 2712 argentumque
446 2624 603 2714 signatur}
623 2651 720 2714 eaque
741 2639 849 2690 cuncta
870 2629 1061 2710 peridoneos
1074 2631 1236 2706 ministros,
1250 2643 1291 2682 ²⁰

206 2735 267 2798 suis
288 2757 427 2818 quaeque
448 2736 540 2810 locis,
565 2735 800 2798 festinabantur.
843 2735 912 2816 lpse
933 2735 1134 2816 Vespasianus
1155 2735 1239 2797 adire

206 2843 332 2920 hortari,
353 2844 455 2906 bonos
474 2844 575 2923 laude,
594 2865 698 2927 segnes
708 2842 842 2924 exemplo
863 2843 990 2905 incitare
1015 2847 1133 2926 saepius
1147 2867 1238 2928 quam
1320 2899 1323 2910 ,

161 2953 163 2961 ’
208 2973 357 3031 coercere,
378 2954 451 3015 vitia
473 2955 566 3038 magis
589 2956 755 3014 amicorum
778 2969 869 3033 quam
889 2954 1019 3014 virtutes
1037 2954 1238 3014 dissimulans.

206 3059 324 3122 Multos
345 3062 536 3144 praefecturis
558 3074 587 3124 et
608 3060 894 3143 procurationibus,
913 3061 1074 3146 plerosque
1093 3059 1238 3122 senatorii

209 3165 327 3227 ordinis
356 3167 471 3231 honore
499 3166 673 3250 percoluit,
703 3168 835 3250 egregios
858 3169 940 3231 viros
961 3179 991 3230 et
1023 3191 1093 3229 mox
1122 3149 1293 3234 sumlnaab

208 3273 351 3356 adeptos3
380 3273 559 3355 quibusdam
581 3274 702 3333 fortuna
724 3295 781 3354 pro
799 3275 973 3337 ‘virtutihus
1000 3273 1069 3335 luit.
1109 3273 1241 3350 Donati·

209 3362 280 3466 vom
305 3382 394 3442 militi
417 3402 514 3462 neque
540 3382 701 3440 Mucianus
730 3382 827 3462 prima
857 3385 1005 3444 concione
1034 3381 1091 3442 nisi
1121 3380 1240 3438 modice

209 3487 393 3566 ostenderat,
417 3507 472 3548 nec
494 3485 698 3568 Vespasianus
717 3487 839 3568 quidem
861 3487 927 3568 plus
942 3483 1023 3546 civili
1037 3483 1117 3546 bello
1130 3483 1241 3548 obtulit

210 3614 301 3674 quarn
324 3592 375 3652 alii
397 3595 427 3652 in
450 3612 539 3674 pace,
566 3593 685 3672 egregie
703 3593 806 3654 firmus
828 3592 975 3652 adversus
997 3589 1157 3654 militarem
1178 3590 1240 3651 lar·

210 3701 374 3780 gitionem‚
399 3719 495 3780 coque
516 3701 646 3762 exercitu
666 3702 801 3773 meliore.
843 3699 926 3762 Missi
953 3698 993 3758 ad
1013 3699 1163 3764 Parthum
1182 3703 1239 3760 Ar·
1251 3709 1294 3772 30

210 3807 405 3888 moniumque
427 3807 534 3889 legati,
552 3809 764 3894 provisumque
786 3829 823 3870 ne
843 3809 936 3880 uacus
958 3809 995 3870 ad
1018 3809 1107 3872 civile
1129 3808 1240 3875 bellum

213 3960 506 3977 meu—11·-

299 4029 321 4076 5.
343 4032 477 4086 exereitus
494 4032 551 4092 Mi,
573 4041 598 4084 et
617 4034 687 4084 lnlru
700 4047 746 4089 nr.
767 4027 895 4098 quinque}
915 4045 969 4081 non
987 4046 1117 4098 quaeque.
