2888 4714
225 441 287 510 340
631 434 868 498 ΑΟΒΙΟΟΙ.ΛΕ

225 623 350 706 agminis
370 639 443 682 suno
463 615 636 700 pelluntur,
658 617 700 676 sic
718 616 856 676 acerrimi
879 616 1093 674 Britannorum
1113 619 1173 676 iam
1185 616 1246 697 pri·

224 732 294 792 dem
314 728 509 798 oeciderunt,
531 727 665 806 reliquus
685 733 731 783 est
751 739 898 782 uumerus
916 724 1102 801 ignavorum
1117 731 1147 780 et
1163 727 1252 792 r'me-,
1291 757 1294 764 ·

225 837 388 898 tuentium.
431 835 518 909 Quos
538 832 621 914 quod
640 831 760 892 tandem
781 829 950 904 invenistis,
975 851 1037 889 non
1055 829 1247 900 restiterunt,

224 943 275 1004 sed
297 940 477 1022 deprehensi
498 949 569 1000 sunt
589 938 762 1016 novissimi,
798 948 827 997 et
848 948 981 998 extremo
1005 946 1085 996 metu
1119 955 1249 1018 corpora

225 1130 312 1174 turam
331 1118 512 1187 recipiendam
534 1118 691 1186 praecepit,
710 1133 824 1188 eamque
845 1101 977 1170 rationem
995 1135 1050 1170 non
1082 1118 1168 1168 solum
1193 1131 1252 1165 am-

225 1215 299 1284 plexi
317 1218 381 1262 snut
401 1210 512 1260 Rothins
531 1219 559 1261 et
577 1209 745 1270 waltherus,
763 1209 810 1261 sed
831 1213 912 1261 etiam
933 1214 969 1274 ii,
988 1212 1034 1280 qni
1055 1211 1122 1262 falso
1135 1210 1251 1260 'nomine

225 1322 348 1359 censores
366 1321 395 1355 se
416 1285 570 1376 appellant,
589 1304 641 1355 hoc
662 1305 800 1356 inventum
819 1305 946 1357 laudibus
966 1306 1144 1358 celebravere.
1173 1301 1250 1356 Coni.

226 1399 322 1452 diurna
333 1397 536 1450 Zimmermauni
554 1395 735 1466 a.183l.pag.
752 1415 823 1450 roan.
841 1397 923 1465 Quod
942 1399 1048 1450 attinet
1059 1397 1093 1448 ad
1110 1413 1251 1452 numerum

226 1493 355 1563 pluralem
375 1503 433 1540 curn
452 1489 612 1558 pronomine
632 1490 749 1562 quisque
769 1491 909 1552 iunctum,
928 1489 1074 1556 Selliugius
1091 1489 1251 1556 adanptii

227 1583 434 1638 Grammaticarn
455 1581 575 1632 Latinum
596 1579 630 1649 (ᾗ.
658 1583 730 1648 367.)
754 1590 895 1649 provocat,
919 1589 1110 1650 comparatque
1139 1598 1173 1632 ex
1191 1583 1251 1650 Agr.
1310 1565 1316 1579 ⁸

225 1695 247 1735 c.
266 1681 290 1733 ὃ.
308 1676 521 1749 promptissimus
541 1673 882 1747 quisquc-interciderunt,
904 1683 983 1728 etex
1001 1675 1033 1726 H.
1051 1675 1097 1736 lv,
1115 1678 1158 1732 25.
1179 1677 1253 1745 npti-
1359 1673 1361 1684 '

226 1789 285 1824 mus
303 1771 417 1844 quisque
436 1770 517 1822 iussis
525 1785 652 1839 paruere-
689 1767 742 1819 Sed
760 1767 827 1836 quid
844 1749 1072 1839 indelncramur?
1090 1769 1160 1820 Num
1169 1767 1252 1820 doce·

225 1881 286 1916 runr
303 1865 399 1918 Latine
410 1863 463 1918 dici
481 1879 559 1931 posse
574 1861 738 1914 iustissimus
747 1861 861 1933 quisque
876 1860 955 1914 lonso
964 1863 1126 1934 filicissimo
1137 1861 1254 1916 vivunt?

226 1963 311 2010 immo
328 1961 375 2030 qni
398 1961 434 2012 ite
454 1960 576 2028 loquitur
599 1955 743 2025 pueriliter
771 1963 880 2025 peccat,
908 1973 1061 2028 quanquam
1090 1957 1254 2010 iustissimus

226 2052 630 2128 qtrs‘squcfilier‘ssimevivunt
657 2060 730 2104 recte
758 2051 865 2103 dicitur.
901 2051 968 2103 Nam
991 2051 1186 2124 quisquequbi
1212 2057 1255 2102 est

229 2143 382 2197 subiectum
402 2144 473 2196 idem
496 2143 552 2195 iere
570 2143 830 2211 significarepotest
848 2141 1043 2212 quodcum,
1062 2161 1094 2196 ac
1113 2153 1255 2216 propterea

226 2235 298 2292 uilril
316 2237 432 2307 impedit
449 2255 503 2308 quo
522 2237 611 2290 minus
632 2235 744 2314 pluralis
764 2241 908 2306 sequatur:
937 2237 979 2288 sin
1006 2247 1047 2290 est
1073 2237 1255 2300 strennum,

228 2341 261 2384 ut
279 2349 404 2404 quaeque
423 2351 483 2395 urs,
503 2349 626 2404 quaeque
646 2331 749 2393 bestia,
767 2329 843 2382 verbi
861 2345 1001 2393 uumerus,
1019 2338 1050 2382 nt
1066 2349 1116 2402 par
1132 2342 1180 2395 est,
1199 2351 1273 2386 non.

227 2426 391 2480 adiectiruus
407 2425 455 2475 sed
468 2423 665 2476 substantivum
677 2425 808 2492 nequitur.
825 2426 921 2494 tuque
936 2423 1115 2492 firmissimum
1129 2423 1255 2496 quodque

229 2522 335 2577 animal
353 2532 439 2574 ruunt
456 2519 500 2574 rel
518 2522 597 2574 ruere
616 2519 772 2570 Latinitatis
791 2524 832 2570 est
862 2517 1074 2587 liechiugensis,
1102 2537 1152 2572 nec
1179 2521 1255 2590 quis·
1291 2573 1295 2582 ,

230 2631 311 2686 quem
328 2623 449 2668 veterum
470 2613 507 2662 ita
527 2611 610 2680 loqui.
623 2627 703 2660 ausus
722 2616 772 2662 est.
807 2609 881 2660 llaec
893 2607 926 2661 de
944 2617 1095 2665 structura:
1114 2611 1169 2661 slia
1181 2613 1254 2662 enim

231 2705 327 2759 eodem
345 2703 510 2774 pertinentia
531 2704 642 2778 omitto3
662 2717 686 2752 v.
707 2715 728 2748 c.
748 2697 868 2749 dativum
886 2715 902 2748 a
924 2713 1021 2753 contra
1042 2720 1121 2756 ruere
1140 2721 1257 2776 suspen.

231 2817 291 2852 snm
309 2793 848 2862 offendereacmnledeiendiexemplo
868 2809 901 2846 ex
921 2796 1130 2865 Tarruteni,
1162 2819 1199 2854 ro.
1229 2816 1257 2856 et

170 2871 175 2881 Δ
232 2895 297 2948 lruic
315 2909 413 2950 eontra
434 2896 510 2947 itum.
548 2891 574 2941 Si
593 2906 648 2942 rem
667 2897 825 2958 spectamus,
846 2891 1018 2946 salsissimum
1038 2894 1157 2958 honest,
1177 2895 1257 2948 silvas

177 3035 186 3048 ,
233 2991 400 3044 intrantibus
412 2985 618 3040 obviumvenire
632 2985 790 3037 acerrimum
807 2985 935 3058 quodque
953 2991 1063 3044 animal.
1099 2991 1183 3042 lmmo
1193 3007 1259 3060 aper

233 3091 326 3139 contra
346 3085 453 3135 demum
472 3083 544 3140 ruit,
567 3081 589 3130 si
607 3079 763 3130 vulneratus
783 3087 838 3144 est,
866 3099 943 3134 ursus
961 3091 990 3135 et
1014 3084 1094 3150 lupus
1120 3085 1258 3138 hominem

233 3178 396 3248 singularem
413 3175 495 3242 petit,
523 3179 682 3224 venetorum
700 3173 801 3242 agmini
827 3173 920 3228 silvam
951 3175 1064 3228 intranti
1090 3177 1180 3240 cedit,
1209 3179 1258 3230 sed

233 3269 338 3322 tardius
355 3282 436 3336 quum
454 3266 559 3333 lepores
577 3271 605 3315 et
621 3265 733 3334 vulpes,
752 3273 783 3317 ut
800 3267 898 3321 robore
921 3270 1011 3322 statim
1040 3268 1116 3320 caedi
1140 3269 1256 3340 possint.

233 3363 312 3431 Quae
330 3375 390 3412 cum
409 3360 447 3410 ita
464 3359 527 3416 sint,
545 3357 667 3412 Rheneni
685 3361 865 3414 coniecturum
883 3377 942 3415 cum
954 3363 1078 3418 Walehio
1097 3361 1256 3428 amplector,

233 3460 263 3504 et
282 3453 392 3504 verbum
411 3449 564 3504 caeduntur
580 3453 623 3503 rel
640 3463 869 3514 consternuntur,
900 3471 933 3506 ex
961 3458 1086 3526 sequenti
1112 3457 1256 3528 pelluntur·

231 3552 409 3614 assumptum,
429 3544 589 3612 cogitatione
608 3557 669 3623 cum
687 3542 784 3596 robers
801 3545 875 3613 iungi
894 3555 991 3600 statuo.
1029 3549 1062 3598 Ut
1074 3565 1184 3620 zeugma
1207 3551 1256 3602 ed-

232 3639 373 3700 mittatur,
393 3635 540 3705 requiritur
559 3641 589 3684 nt
608 3635 720 3685 verbum
737 3636 810 3704 quod
830 3639 972 3707 suppletur
988 3647 1016 3690 ct
1032 3637 1062 3688 irl
1079 3639 1153 3708 qaod
1179 3641 1256 3695 adest

233 3735 369 3784 communi
387 3731 499 3782 notione
517 3727 708 3796 comprehendi
735 3731 831 3796 possit.
864 3731 947 3784 nouo
970 3731 1058 3782 verbis
1086 3731 1201 3788 caedere
1227 3743 1256 3788 et

229 3825 335 3897 pellere
351 3825 498 3877 communis
519 3829 561 3875 est
578 3841 701 3876 amovere
719 3824 761 3874 rel
782 3826 886 3879 tollere.
922 3853 925 3858 ·
1001 3851 1005 3858 ·
1074 3825 1078 3834 '

321 3915 346 3982 4.
364 3917 518 3977 novissimi,
537 3925 784 3970 ascensurorum
810 3933 927 3986 corpora
956 3916 1074 3992 dejicere
1093 3921 1252 3977 Rhenanus:

232 4011 374 4068 novissime
392 4009 423 4063 id
437 4021 465 4061 st
482 4009 538 4078 <res
554 4019 582 4060 st
599 4025 647 4078 pro
666 4008 697 4062 r'cl
711 4023 738 4064 ct
759 4011 813 4080 Vb)
832 4022 951 4066 extremo
976 4029 1048 4068 meru
1064 4034 1181 4088 corpora
1201 4017 1253 4070 sls-
1275 3997 1278 4002 Ι
