2912 4730
243 467 303 532 166
342 505 344 510 .
600 463 890 526 lllSTORlARUM
971 473 975 480 '

75 645 102 714 (τ’
121 647 149 700 C·
162 649 220 720 69.)
233 664 342 727 rosque
373 643 430 704 sibi
459 643 533 706 lidos
567 646 699 726 apertius
717 645 863 706 monuit.»
888 642 976 726 lique
995 660 1100 704 omnes
1121 642 1160 704 sle
1175 641 1263 704 festi·

229 755 352 814 natione
370 751 465 812 Primi
486 774 522 812 ac
543 751 617 815 Vari
637 751 761 816 sinistre
780 761 813 814 et
832 751 975 812 Muciano
988 748 1121 814 volentia
1133 749 1264 833 rescrip-

229 881 310 924 sere.
353 857 473 937 Quibus
492 857 624 940 epistolis
643 859 829 941 Vespasiano
849 859 944 919 missis
964 857 1119 936 effecerat,
1139 867 1174 918 ut
1197 879 1259 918 non

229 989 285 1050 pro
306 987 359 1048 spe
371 967 496 1028 Antonii
506 967 629 1028 consilia
650 967 788 1049 factaque
808 969 873 1028 eius
888 967 1134 1030 aestimarentur.
1157 959 1328 1047 Aegre53

229 1076 260 1136 id
278 1076 342 1156 pati
364 1075 513 1136 Antonius
534 1084 566 1137 et
586 1075 707 1158 eulpam
728 1077 761 1135 in
784 1076 958 1134 Mucianum
985 1073 1142 1150 conferre,
1172 1073 1288 1157 cuiusb

229 1183 491 1244 criminationibus
511 1182 687 1244 eviluissent
709 1183 843 1261 pericula
864 1203 929 1244 sua.
973 1181 1039 1242 Nec
1070 1181 1260 1242 sermonibus

226 1292 435 1372 temperabat,
455 1290 634 1352 immodicus
655 1289 759 1369 lingua
784 1299 816 1350 et
844 1291 982 1373 obsequii
1011 1288 1152 1353 insolens.
1193 1290 1259 1350 Lit-

228 1409 306 1460 teras
325 1399 364 1460 ad
384 1398 602 1479 Vespasianum
624 1401 794 1477 composuit
814 1397 975 1458 iactantius
995 1419 1086 1480 quam
1109 1397 1148 1458 ad
1168 1401 1258 1480 prin.
1369 1449 1374 1455 .

227 1509 325 1588 cipem
346 1527 401 1566 nec
422 1506 487 1564 sine
510 1501 628 1563 occulta
650 1505 680 1562 in
696 1506 871 1564 Mucianum
893 1507 1107 1568 insectatione:
1131 1528 1163 1566 se
1176 1507 1264 1568 Pan--

227 1618 351 1676 nnnicas
374 1612 505 1694 legiones
525 1613 555 1671 iu
578 1631 661 1671 arma
682 1615 796 1691 egisse3
819 1615 880 1672 suis
902 1612 1030 1673 stimulis
1051 1613 1255 1674 exeitoslloe·
1269 1633 1305 1674 to

227 1725 288 1786 siae
311 1723 410 1798 duces,
433 1741 486 1780 sua
507 1722 676 1780 constantia
698 1729 859 1801 perruptas
878 1719 979 1804 Alpes,
993 1731 1178 1801 ¹occupatam
1194 1719 1257 1782 lta·

227 1831 319 1906 liam,
341 1831 503 1910 intersepta
525 1831 746 1893 Germanorum
766 1831 993 1911 Raetorumque
1013 1827 1135 1890 auxilia.
1166 1831 1257 1906 Quotl

226 1933 381 1994 discordes
399 1934 607 2016 dispersasque
636 1932 749 1994 Vitellii
780 1936 914 2016 legiones
951 1936 1082 2016 equestri
1108 1935 1256 2018 procella,

225 2063 294 2102 mor
316 2041 450 2124 peditum
470 2045 500 2104 vi
521 2065 577 2124 per
598 2043 678 2104 diem
702 2053 883 2126 noctemque
905 2043 1042 2120 fudisset,
1062 2043 1094 2103 id
1117 2045 1257 2124 pulcher·
1364 2121 1368 2127 .

224 2152 335 2210 rimum
359 2161 391 2212 et
399 2151 445 2209 sui
465 2149 579 2230 operis.
623 2151 732 2210 Casum
743 2150 910 2210 Cremonae
928 2149 1009 2242 bello
1025 2149 1257 2231 imputandum:
1272 2145 1312 2205 15

225 2259 338 2318 maiore
368 2256 498 2337 damno,
530 2257 664 2338 plurium
695 2257 820 2320 urbium
850 2256 972 2318 excidiis
1003 2269 1117 2318 veteres
1147 2257 1260 2318 civium

225 2364 387 2425 discordias
398 2367 440 2424 rei
461 2365 600 2445 publicae
614 2367 738 2426 stetisse.
783 2366 850 2426 Non
872 2387 903 2426 se
914 2367 1027 2424 nuntiis
1041 2386 1137 2448 neque
1150 2364 1260 2446 episto.-

226 2473 262 2532 lis
280 2472 332 2532 sed
355 2493 446 2532 manu
468 2482 497 2532 et
514 2475 606 2531 armis
625 2475 803 2552 imperatori
824 2494 881 2532 suo
905 2471 1063 2532 militare.¹
1087 2475 1192 2550 Neque
1210 2471 1260 2530 of-

225 2578 315 2638 ficere
336 2577 450 2657 gloriae
465 2599 569 2637 eorum
588 2579 641 2658 qui
667 2579 770 2638 Asiam
789 2576 912 2635 interim
933 2575 1168 2656 composuerint.
1197 2575 1257 2636 lllis

224 2685 503 2762 Moesiaepaoem,
530 2684 588 2742 sibi
608 2683 735 2744 salutem
763 2686 1016 2765 securitatemque
1039 2685 1142 2746 ltaliae
1173 2686 1305 2744 eorutao

224 2787 336 2862 fuisse;
368 2789 430 2848 suis
451 2784 709 2848 exhortationibus
730 2786 845 2847 Gallias
867 2788 1101 2874 Hispaniasque,
1134 2790 1256 2852 validis·
1428 2859 1429 2891 1

225 2894 331 2955 simam
351 2902 506 2954 terrarum
526 2903 662 2974 partem,
687 2892 726 2952 ad
747 2893 964 2974 Vespasianum
988 2918 1161 2958 conversas.
1197 2898 1256 2957 Sed
1427 2937 1428 2997 p

224 3001 365 3062 cecidisse
384 3003 415 3062 in
435 3003 557 3062 irritum
580 2999 721 3072 labores,
753 3000 777 3060 si
801 3004 933 3080 praemia
967 3003 1173 3085 periculorum
1199 3005 1254 3067 soli
1426 3045 1427 3103 t

224 3116 421 3188 assequantur
436 3106 488 3188 qui
510 3104 652 3188 periculis
678 3126 741 3164 nou
769 3103 921 3170 affuerint.
963 3108 1028 3168 Nec
1059 3111 1193 3173 sasallera
1219 3134 1253 3173 ea
1425 3165 1426 3211 p

222 3216 415 3276 Mucianum:
437 3215 507 3275 inde
530 3234 637 3297 graves
656 3212 838 3290 simultates,
872 3237 947 3296 quas
969 3219 1114 3276 Antonius
1135 3219 1300 3302 simpli-25
1422 3235 1425 3320 p

224 3325 307 3402 cius,
330 3324 494 3384 Mucianus
511 3322 620 3384 callide
640 3342 734 3402 eoque
757 3322 976 3404 implacabilius
997 3324 1162 3384 nutriebat.

307 3431 349 3490 At
364 3426 504 3488 Vitellius
522 3425 624 3486 fractis
645 3427 724 3507 apud
738 3430 918 3490 Cremonam
940 3430 1031 3490 rebus
1050 3431 1171 3490 nuntios
1184 3431 1248 3494 cta,
1260 3421 1316 3502 54

223 3532 270 3591 dis
289 3533 445 3594 occultans
465 3533 554 3592 stulta
569 3529 804 3594 dissimulatione
824 3534 955 3596 remedia
974 3537 1076 3616 potius
1098 3537 1249 3600 malorum

221 3659 311 3718 quam
346 3639 423 3698 mala
450 3638 617 3724 differebat
670 3640 793 3720 Quippe
819 3641 973 3701 confitenti
1004 3621 1249 3728 consultantique

223 3744 459 3756 ἡμὴ-..ῃ

293 3814 333 3863 ²9·
355 3796 457 3864 Quippe
475 3797 867 3868 confitenti·ingravescebat]
886 3797 996 3872 Tacitus
1015 3815 1074 3852 cum
1093 3801 1160 3854 haec
1177 3804 1247 3853 seri·

223 3893 315 3951 beret,
333 3889 477 3941 Vitellium
495 3900 621 3960 tanquam
639 3894 692 3942 acri
712 3893 805 3943 inorbo
828 3899 978 3958 correptum
1003 3911 1034 3944 ae
1052 3894 1170 3950 medicos
1184 3910 1245 3946 suos

224 3981 305 4033 stulte
325 3981 497 4034 frustrantem
520 3983 636 4051 ideoque
655 3985 682 4032 in
702 3983 759 4033 (lies
776 3983 1009 4051 ingravescentem
1036 3987 1089 4038 sibi
1108 3989 1245 4057 cogitarit.

222 4076 336 4129 Temere
354 4075 388 4128 ad
406 4075 478 4129 bunc
496 4078 583 4129 locum
602 4077 715 4130 offendit
735 4075 883 4128 Ernestius.
