2866 4720
251 387 310 457 174
484 460 488 467 ⁸
622 383 909 448 Historiarum

57 601 58 607 κ
87 585 114 655 (a
128 585 156 638 c,
178 583 235 658 ⁶9·)
248 565 484 649 pulcherrimam
509 562 689 649 Campaniae
708 589 793 630 oram
812 565 991 645 descivisce3
1011 583 1067 628 nec
1088 562 1275 648 plessicio

248 682 401 734 terrarum
421 671 496 734 orbe
516 671 665 756 reliquum
688 673 811 738 Vitellio
831 695 922 757 quam
945 671 1030 756 quod
1061 672 1142 732 iuter
1161 671 1276 734 Tarra.

249 780 349 841 cinam
373 780 578 862 Narniamque
608 781 710 842 iaceat.
752 783 831 844 Satis
861 781 973 864 gloriae
1002 776 1117 862 praelio
1146 777 1276 840 Cremo-

250 887 337 948 nensi
357 895 497 967 partum,
524 893 556 946 et
578 885 667 948 exitio
692 887 858 948 Cremonae
885 886 1010 948 nimium
1038 884 1187 963 invidiae3
1219 905 1275 946 nec

249 973 496 1072 concupiscerent
515 993 643 1054 Romam
660 1015 771 1074 capere
794 996 1008 1076 potiusquam
1037 1012 1165 1056 servare
1209 994 1299 1069 Mar-5

248 1102 314 1160 iura
327 1099 392 1160 'illis
412 1098 547 1181 praemia
567 1079 598 1160 et
616 1098 713 1158 multo
733 1099 896 1160 maximum
920 1077 1033 1173 decus,
1066 1097 1092 1158 si
1113 1094 1274 1156 incolumi·

248 1209 340 1266 tatem
353 1205 467 1268 senatui
491 1205 663 1288 populoque
677 1205 813 1265 Romano
833 1207 898 1266 eine
914 1207 1062 1286 sanguine
1076 1204 1273 1286 quaesissent.

247 1315 303 1376 llis
323 1335 358 1374 ac
385 1313 497 1374 talibus
524 1312 654 1394 mitigati
684 1311 787 1372 animi.
830 1315 891 1372 Nec
917 1311 1014 1372 multo
1048 1320 1119 1393 post
1145 1307 1322 1393 legiouerssl

246 1436 366 1484 venere.
405 1421 447 1482 Et
466 1432 583 1483 terrore
602 1422 741 1503 famaque
761 1422 842 1482 aucti
864 1422 1010 1479 exercitus
1025 1417 1206 1480 Vitellianae
1217 1438 1272 1478 co·

245 1529 346 1590 hortas
370 1528 537 1605 nutabant,
563 1529 648 1590 nullo
674 1529 706 1588 in
730 1529 843 1590 bellum
865 1527 1066 1600 adhortante,
1096 1521 1204 1586 multis·
1231 1523 1315 1595 adm

244 1635 460 1724 transitionem,
481 1637 612 1718 quisuas
630 1636 781 1696 centurias
802 1645 977 1713 turmasque
996 1629 1130 1704 tradere,
1153 1628 1271 1692 donum

242 1743 479 1806 nuntiatum
500 1743 530 1804 in
555 1751 714 1826 posterum
737 1742 885 1822 goetiam,
918 1736 1090 1800 certabunt.
1132 1735 1193 1798 Per
1220 1756 1270 1798 eos

242 1850 395 1930 cognitum
416 1861 460 1912 est
479 1852 683 1912 Interamnam
703 1849 850 1932 proximis
872 1850 987 1929 campis
1018 1843 1166 1928 praesidio
1192 1867 1269 1928 qua-

240 1954 469 2040 dringentorum
490 1958 627 2040 equitum
644 1957 752 2022 teneri.
795 1956 906 2014 Missus
924 1953 1074 2034 extemplo
1087 1953 1188 2016 Varus
1197 1975 1266 2014 cum

239 2061 376 2145 expedita
399 2087 491 2128 manu
512 2087 624 2147 paucos
643 2061 881 2146 repugnantium
894 2061 1069 2141 interfecit3
1090 2061 1190 2143 plures
1210 2061 1265 2121 ab·
1277 2089 1288 2134 2
1294 2074 1311 2138 5

238 2169 321 2232 iectis
355 2175 448 2237 armis
476 2177 595 2238 veniam
623 2174 767 2255 petivere.
817 2170 949 2251 Quidam
978 2170 1009 2230 iu
1041 2179 1139 2232 castra
1169 2168 1266 2248 refugi

237 2263 345 2340 cuncta
366 2281 526 2344 formidine
545 2280 732 2365 implebant,
754 2279 892 2364 augendo
921 2281 1096 2343 rumoribus
1122 2279 1265 2338 virtutem

235 2386 397 2469 copiasque
414 2389 562 2464 hostiurn,
594 2411 658 2471 quo
681 2391 780 2450 amissi
801 2388 942 2472 praesidii
970 2387 1098 2448 dedecus
1120 2383 1261 2446 lenirent.

229 2493 300 2555 'Nec
320 2492 382 2556 ulla
404 2497 485 2580 apud
502 2497 682 2558 Vitellianos
701 2497 805 2576 flagitii
820 2515 930 2576 poena,
954 2504 985 2554 et
1002 2492 1144 2574 praemiis
1161 2493 1262 2555 deiec-

231 2609 337 2662 torum
358 2624 447 2667 versa
469 2605 560 2680 fides,
583 2626 618 2665 ac
638 2604 788 2684 reliquum
812 2599 960 2682 perfidiae
990 2611 1154 2662 certamen.
1185 2601 1307 2674 Cre-20

233 2708 287 2770 hro
307 2713 475 2797 transfugia
496 2712 691 2776 tribunorum
720 2707 1004 2789 centurionumque.
1045 2706 1124 2770 Nam
1154 2729 1260 2792 grega-

228 2985 311 3030 taram
331 2996 404 3039 esre,
422 2997 510 3054 eaque
529 2981 663 3034 consessio
683 2987 738 3032 tam
750 2967 850 3030 'contra
868 2980 1010 3066 veritatem
1037 2991 1118 3050 quam
1143 2969 1257 3030 Antonii

227 3073 365 3158 ingenium
384 3082 495 3142 pugnat.
532 3073 615 3148 immo
632 3069 784 3124 inchoatam
802 3085 860 3123 csse
876 3073 1018 3125 victoriam
1038 3075 1170 3138 concedit,
1189 3085 1256 3144 pet·

178 3215 182 3220 ,
225 3165 322 3216 lectam
346 3171 444 3232 negat,
462 3172 609 3234 utrumque
626 3173 708 3219 reete.
744 3164 902 3216 Sententiae
920 3170 1080 3234 perversitas
1105 3169 1193 3238 prima
1212 3172 1254 3218 est

224 3259 452 3327 interpolationis,
472 3276 553 3328 quam
573 3261 684 3313 subesse
702 3258 785 3312 verbo
798 3259 940 3332 proficisci
956 3263 1154 3324 contendimus,
1167 3267 1251 3325 ποίας

223 3349 333 3400 aiteram
354 3352 524 3420 agnoscimus
542 3353 721 3421 inscriptura
754 3351 854 3406 codicis
875 3353 910 3404 G:
939 3371 1002 3407 nam
1032 3371 1091 3406 cum
1114 3356 1145 3408 in
1171 3353 1250 3405 libric

222 3443 362 3496 nonnullis
391 3453 454 3512 pest
482 3456 620 3516 receptum
648 3443 790 3522 proficisci
814 3449 848 3498 ad
877 3449 1078 3502 sustentandam
1105 3445 1248 3500 verborum

221 3543 382 3591 structuram
399 3543 567 3610 praepositio
588 3562 606 3596 a
625 3551 689 3596 aute
707 3545 833 3598 consiliis
852 3545 1024 3606 accessisset,
1049 3549 1184 3596 corrector
1199 3561 1248 3596 eo·

220 3631 288 3684 dicis
305 3633 346 3694 G,
364 3635 484 3690 incertus
507 3655 561 3708 quo
578 3639 638 3692 loco
655 3641 822 3710 praepositio
842 3638 970 3707 ponenda
1000 3646 1087 3700 esset,
1117 3655 1176 3690 earn
1201 3639 1245 3690 bit

218 3725 318 3793 posuit,
343 3733 371 3777 et
388 3735 453 3780 aute
464 3747 564 3782 nomen
582 3735 742 3804 consiliiset
759 3739 822 3782 ante
839 3731 957 3783 ratione.
990 3721 1143 3786 Medieeum
1163 3750 1244 3802 prae·

218 3817 284 3871 bere
301 3817 405 3892 profici
424 3835 458 3870 ex
476 3815 595 3875 editione
613 3827 738 3893 principe
758 3811 889 3892 quaehoc
906 3822 1019 3876 exhibet
1036 3827 1182 3878 verisimile
1194 3837 1244 3880 ert.

314 3929 333 3962 1.
351 3914 478 3984 capitino
495 3915 547 3980 Mi,
565 3925 594 3968 et
610 3919 682 3970 idern
702 3921 725 3984 4.
747 3931 797 3968 nee
815 3929 864 3983 pro
891 3933 926 3970 ne
944 3917 1018 3988 quod
1034 3917 1113 3987 vulgo
1133 3921 1239 3988 iegitur.

288 4023 327 4057 ao.
348 4025 429 4094 aftra
445 4009 661 4066 Freinshemius:
680 4009 785 4063 BGM³
797 4012 890 4064 verbu.
