2914 4724
504 402 577 462 Ltn.
602 403 626 461 1.
665 398 758 460 car,
776 397 919 464 ‘tl-*tu
1188 393 1228 462 33

84 603 86 618 ¹
119 572 237 654 -lrssab
259 582 338 670 lulio
361 581 438 644 Caro
467 581 633 664 legionario
656 581 749 642 rnilile
779 580 809 638 in
834 588 997 658 utrumque
1027 575 1104 636 latus
1130 569 1312 640 trans-isc·
1332 546 1389 634 ⁶i)

202 691 387 757 verberatus.
430 691 579 769 Insignem
601 687 651 748 illa
674 687 724 748 die
741 686 844 748 virum
865 667 1233 766 Sempronium'Dfflsum

201 809 281 861 aetas
305 808 406 874 nostra
429 795 517 856 vidit.
562 797 709 856 Centurio
733 797 757 853 is
771 775 945 873 praetoriae
958 793 1102 864 cohortis,
1126 815 1144 852 a
1160 793 1236 853 Gal*

200 906 239 966 ba
263 903 416 964 custodiae
438 901 556 962 Pisonis
579 900 707 974 additus,
730 900 835 958 stricto
856 901 984 981 pugione
1003 921 1168 962 occurrens
1184 923 1236 962 ar·

173 1006 289 1072 5matis
310 1023 339 1072 et
360 1011 457 1072 scelus
479 1007 677 1086 exprobrans,
699 1004 844 1064 ac'modo
868 1027 958 1066 manu
970 1007 1057 1066 modo
1081 1027 1156 1066 voce
1165 1027 1236 1066 vers

202 1119 294 1181 teudo
317 1119 347 1176 in
370 1139 401 1178 se
422 1133 635 1196 percussores,
657 1109 1012 1192 quanquam'volnerato
1035 1113 1138 1172 Pisoni
1161 1113 1236 1174 effu-

205 1228 289 1305 gium
314 1223 405 1282 dedit.
446 1221 519 1278 'Piso
549 1221 579 1277 in
601 1217 703 1278 aedem
725 1217 834 1278 Vestae
859 1221 1008 1299 pervasit,
1043 1232 1240 1302 exceptusque

208 1329 414 1390 misericordia
431 1327 542 1408 publici
561 1325 640 1385 servi
664 1335 694 1386 et
715 1327 919 1386 contubernio
938 1329 1003 1388 eins
1025 1327 1158 1402 abditus,
1180 1347 1241 1388 non

128 1505 130 1510 ,
207 1437 354 1517 religione
377 1455 431 1497 nec
453 1433 645 1524 caerimoniis
660 1431 714 1493 sed
733 1431 849 1494 latebra
871 1435 1031 1496 imminens
1045 1437 1169 1498 exitium
1179 1437 1242 1496 dit»

163 1543 338 1616 referebat,
364 1561 434 1605 cunr
445 1540 604 1602 advenere
625 1540 717 1600 missu
740 1539 889 1619 Othonis,
910 1542 1087 1604 nominatim
1120 1545 1151 1604 in
1170 1566 1241 1606 cae-

206 1652 275 1715 dem
296 1651 360 1712 eius
382 1648 542 1737 ardentes,
565 1645 716 1728 Sulpicius
736 1649 848 1740 Florus
868 1670 885 1710 e
906 1627 1086 1712 Britannicis
1108 1653 1243 1712 cohorti«

106 1771 112 1782 ¹
206 1760 279 1832 bus,
313 1777 456 1836 nupera
479 1755 578 1819 Galba
613 1759 734 1818 civit-ate
755 1756 898 1832 donatus,
928 1766 959 1818 el
978 1757 1092 1821 Statius
1113 1761 1241 1822 Murcus

149 1905 178 1926 .·
210 1867 403 1947 speculator3
440 1887 458 1926 a
486 1866 598 1948 quibus
634 1875 804 1948 protractus
834 1867 906 1927 Piso
934 1867 965 1926 in
986 1865 1105 1928 foribus
1135 1867 1242 1948 templi

144 1963 199 2048 44
211 1974 389 2033 trucidatur.
430 1972 552 2033 Nullam
576 1976 699 2036 caedem
712 1976 797 2036 Otho
813 1975 927 2034 maiore
938 1972 1060 2034 ‚laetitia
1084 1978 1242 2054 excepisse,

165 2081 329 2144 rbnuilum
344 2087 441 2158 capnt
460 2091 523 2140 tam
544 2082 768 2142 insatiabilibus
789 2081 884 2140 oculis
903 2078 1100 2159 perlustrasse
1120 2079 1242 2156 dicitnr,

212 2208 263 2246 sen
287 2195 352 2246 tum
376 2183 516 2264 ,primurn
544 2186 644 2245 levata
672 2189 754 2246 omni
788 2183 993 2245 sollicitudine
1022 2203 1107 2242 mens
1138 2203 1244 2246 vacare

212 2291 322 2373 gaudio
344 2298 506 2368 coeperat,
532 2309 584 2351 sen
606 2290 780 2379 recordatio
800 2289 962 2348 maiestatis
983 2289 1013 2348 in
1034 2287 1141 2366 Galba,
1165 2295 1243 2352 ami.

213 2399 301 2459 ciliae
329 2377 453 2456 inTito
485 2395 580 2457 Vinio
609 2396 745 2475 quamvis
774 2387 921 2455 immitem
954 2397 1086 2456 animum
1116 2399 1244 2480 imagine

213 2505 292 2569 tristi
311 2501 512 2564 confuderat:
536 2501 657 2562 Pisonis
681 2512 714 2562 ut
736 2501 850 2562 inimici
866 2513 895 2562 et
909 2501 1020 2562 aemuli
1039 2505 1130 2565 caede
1139 2506 1244 2566 laetari

167 2615 261 2674 seins
280 2611 385 2692 iusque
413 2609 564 2674 credebat.
607 2608 741 2670 Praefixa
768 2611 867 2670 contis
895 2609 993 2691 capita
1026 2612 1241 2692 gestabantur,

214 2721 294 2786 inter
313 2721 396 2800 signa
410 2717 588 2794 cohortium,
610 2718 692 2776 iuxta
702 2715 834 2806 aquilam
846 2715 981 2798 legionis,
992 2723 1126 2780 certatim
1143 2733 1244 2782 osten*

215 2827 350 2886 tentibus
371 2833 511 2884 cruentas
531 2822 637 2884 manus
657 2823 708 2905 qui
731 2821 923 2902 occiderant,
952 2825 1003 2904 qni
1031 2827 1240 2902 interfuerant,

91 3005 93 3008 Ι
174 2991 180 3002 ,
218 2933 355 3013 quivere
374 2931 428 3010 qui
446 2931 531 3008 fabo,
551 2943 585 2991 ut
605 2930 763 3012 pulchrum
785 2911 817 2992 el
833 2929 1027 2991 memorabile
1049 2932 1164 2994 facirrns
1181 2934 1242 2994 iac·

219 3039 337 3101 tabant·
376 3038 484 3099 Plures
496 3041 595 3120 ‘qnam
607 3019 737 3099 'eentum
749 3018 788 3098 vet
809 3039 912 3120 viginti
932 3037 1049 3098 libellos
1074 3042 1242 3118 praemium

140 3179 142 3184 v
169 3151 209 3216 25
220 3135 444 3229 exposcentium
464 3147 503 3206 ob
524 3147 652 3226 aliquam
674 3143 839 3205 notabilem
861 3143 915 3210 illa
935 3146 983 3204 die
1004 3162 1127 3223 operam
1142 3145 1241 3204 Vitel-

218 3255 277 3314 lius
293 3263 396 3332 postea
419 3251 551 3328 invenit3
573 3271 737 3332 omnesque
755 3249 894 3330 conquiri
916 3260 945 3310 et
975 3250 1101 3310 interfici
1134 3253 1239 3330 iussit,

218 3383 279 3422 non
303 3359 421 3420 bonore
440 3335 571 3432 Galbae,
591 3355 644 3416 sed
666 3355 780 3416 tradito
801 3355 987 3437 principibus
1009 3376 1110 3432 more,
1139 3360 1241 3418 munio

220 3475 356 3528 mentum
377 3465 414 3524 ad
436 3485 596 3545 praesens,
616 3464 829 3542 inposterum
843 3462 998 3526 ultionem.

152 3559 212 3643 »45
301 3569 406 3632 Alium
441 3567 578 3630 crederes
610 3577 766 3670 sapatum,
804 3569 897 3630 alium
925 3567 1093 3651 populum„
1137 3567 1239 3632 Ruere

307 3742 329 3794 3.
354 3761 371 3795 n
398 3739 501 3794 Gallae
533 3725 684 3792 custodiret
708 3757 725 3792 n
746 3737 854 3793 Pisonis
873 3730 1085 3812 addictnssllla3
1119 3744 1236 3798 correxit

220 3837 335 3908 Lipsius.
1109 3834 1113 3842 ¹
1227 3841 1229 3844 ’
1263 3832 1267 3842 Δ

293 3933 330 3998 sl·
348 3929 500 3983 trucidatus
519 3929 578 3990 lta,
598 3935 625 3979 et
649 3931 683 3980 16,
695 3942 799 3998 vagare
817 3926 891 3996 (Ma).

290 4025 329 4074 23.
348 4029 430 4095 quive
446 4017 512 4078 vire
531 4023 588 4076 Mus
610 4039 644 4073 au
660 4011 720 4074 iuit'
732 4023 834 4094 quique
855 4022 940 4075 versi

1014 4168 1015 4175 κ
1029 4133 1048 4194 3
