2890 4728
597 409 682 492 mr.
707 409 842 476 cti-ss.
1179 406 1242 486 sss

201 592 502 674 scerit,.concederc
524 593 633 668 moris3
655 599 687 652 et
707 587 853 673 poscendi
875 589 905 650 in
936 592 1029 650 vicem
1053 586 1156 648 eadem
1182 590 1228 648 fa.

201 705 309 764 ollitas.
354 700 495 762 Gaudent
517 699 707 771 muneribns;
741 697 795 758 sed
814 717 870 759 neo
888 696 957 758 data
989 696 1140 776 imputant
1172 716 1231 756 nec

202 811 330 889 acceptis
354 808 539 890 obligantur.
583 808 702 892 [Victus
722 803 948 886 intcr'bospites
969 803 1090 876 comisl

106 916 108 922 ’
137 908 193 990 Q
285 895 391 978 Statim
413 937 430 976 e
451 937 574 993 somno,
595 937 684 997 quam
704 903 885 997 plerumque
906 915 935 974 in
959 913 1038 973 diem
1059 912 1228 991 extr-abunt,

174 1021 365 1103 5larantur,
387 1027 504 1104 saepius
525 1023 642 1112 calida,
664 1033 698 1082 ut
722 1021 802 1103 apud
827 1043 906 1104 quos
941 1022 1104 1102 plurimum
1133 1020 1231 1080 biems
1326 1053 1330 1058 ·

204 1141 340 1212 occupat.
383 1131 472 1190 Lnuti
496 1130 596 1190 cibum
619 1131 758 1208 capiunt:
782 1125 1080 1208 separatae'singulis
1099 1125 1184 1186 sedes
1199 1133 1230 1184 et
1247 1185 1256 1206 „

150 1299 154 1312 ,
203 1259 257 1298 sua
278 1238 387 1319 cuique
408 1255 522 1296 mensa.
566 1236 642 1294 Tum
663 1235 838 1316 ad.ncgctic
859 1256 914 1324 uec
946 1238 1045 1294 inicus
1074 1253 1161 1314 saepe
1191 1232 1230 1294 ad

176 1331 341 1405 ¹convivia
372 1343 687 1432 procedunt'srmati.
727 1347 818 1404 Diem
846 1352 1028 1423 noctemque
1055 1347 1230 1402 continuare

204 1449 340 1530 potando
373 1449 450 1509 nulli
479 1449 638 1530 probrum.
689 1451 843 1527 Crebrae,
879 1463 913 1510 ut
944 1451 1023 1510 inter
1050 1449 1231 1537 vinolentos,

155 1558 283 1623 inrisae
306 1556 567 1634 raroconviciis,
602 1560 719 1638 saepius
741 1557 833 1618 caede
866 1570 895 1618 et
918 1558 1094 1618 volneribus
1120 1559 1230 1618 transi·

201 1675 328 1745 guntur.
373 1663 432 1724 set
469 1673 499 1724 et
527 1663 565 1724 de
587 1665 819 1724 reconciliandis
852 1667 883 1724 in
915 1667 1009 1726 vicem
1042 1663 1173 1738 inimicis
1201 1674 1231 1724 et

201 1773 361 1854 iungendIs
381 1769 575 1861 affinitatibus
598 1783 629 1833 et
647 1773 834 1834 ‘asciscendis
852 1772 1059 1854 principibus,
1089 1771 1127 1834 de
1156 1792 1232 1853 paco

203 1876 338 1959 denique
357 1899 395 1939 nc
413 1879 492 1940 bello
513 1879 688 1962 plerumque
719 1881 750 1940 in
770 1881 920 1942 conviviis
949 1879 1133 1957 consultant,
1162 1891 1230 1940 tan·

201 2006 292 2068 quam
315 1987 400 2048 nullo
422 1992 519 2070 magis
540 1997 679 2070 ternpore
701 1972 755 2050 aut
795 1988 835 2050 nd
860 1987 1010 2066 simplices
1036 1979 1232 2069 cogitationes

155 2104 304 2175 15pateut
324 2097 442 2154 animus
468 2107 520 2154 arrt
543 2097 581 2152 nd
603 2115 723 2175 magnas
744 2093 914 2152 incalescat.
955 2095 1036 2152 Gens
1050 2115 1110 2152 non
1132 2105 1230 2156 sstuts

201 2221 257 2261 nec
278 2201 386 2260 callida
401 2203 500 2280 aperuit
518 2199 618 2258 adhuc
636 2208 754 2259 secreta
766 2199 895 2278 pectoris
913 2197 1034 2258 licentia
1053 2196 1122 2258 loci.
1145 2201 1231 2282 -Ergn

202 2307 318 2366 detecta
344 2316 374 2366 et
396 2303 477 2364 nuda
499 2307 633 2363 omnium
658 2325 740 2362 meus
760 2311 882 2383 postera
904 2303 951 2362 die
971 2315 1167 2382 retractatur,
1201 2318 1231 2368 et

199 2412 285 2472 'salva
308 2415 472 2493 utriusque
485 2413 630 2490 temporis
652 2409 732 2470 ratio
755 2419 811 2469 cst.
828 2450 831 2464 .
851 2387 1045 2486 ¹Deliberant,
1076 2411 1149 2472 dnm
1170 2413 1231 2474 fis.

136 2511 192 2592 23
204 2537 273 2599 gere
296 2517 444 2589 nesciunt,
467 2518 666 2590 constituunt,
692 2514 765 2574 dum
779 2535 881 2576 errare
898 2537 957 2576 non
970 2529 1106 2598 possunt.
1139 2521 1231 2581 Potui

200 2639 461 2652 Ἥ

288 2691 312 2742 3.
333 2692 426 2744 Victus
445 2693 520 2746 inter
535 2664 652 2760 hospitti
671 2693 767 2762 comis]
784 2691 858 2744 Haec
875 2693 956 2746 rerba
978 2704 1125 2765 praecunte
1143 2699 1230 2750 Erne-

201 2787 254 2839 stio
270 2787 420 2858 aliisquea
442 2787 578 2838 Tacitiois
605 2789 767 2858 segreganda
794 2791 955 2842 curavimus.
988 2792 1055 2844 Nam
1081 2810 1139 2844 cum
1159 2796 1228 2846 Ger·
1293 2857 1295 2862 Ι

200 2899 340 2936 manorum
354 2884 384 2952 in
401 2881 521 2948 hospites
540 2886 652 2936 comitas
670 2901 684 2934 a
699 2889 888 2958 Quemcumque
907 2903 933 2954 p.
955 2869 1086 2956 292,n5-
1097 2866 1230 2943 ‹bscernit
1296 2945 1300 2964 p

201 2995 228 3047 p.
250 2979 362 3046 292‚3o.
379 2975 517 3040 praeclare
535 2977 573 3058 ita
596 2981 716 3046 exposito
730 2981 773 3042 sit,
791 2987 822 3030 ut
838 2998 867 3032 es
889 2981 953 3050 ipsis
975 2983 1119 3050 logentium
1142 2982 1229 3032 oculis

202 3071 280 3143 quasi
298 3070 477 3130 subiiciatur,
496 3069 577 3137 plane
594 3070 767 3124 intolerabile
783 3071 893 3128 ridetur
911 3073 1024 3125 eandem
1042 3075 1119 3126 hisce
1139 3075 1228 3128 vernis

200 3149 300 3214 iterum
317 3150 372 3214 tam
390 3159 462 3212 nude
490 3169 589 3216 ettam
611 3163 921 3233 languide'significsri.
956 3167 1054 3228 Porro,
1084 3169 1106 3220 si
1132 3170 1227 3238 inertis

200 3258 375 3328 repetitionis
392 3258 493 3310 crimen
511 3259 608 3310 Tacito
628 3259 775 3314 obtrudere
795 3267 855 3331 quis
873 3265 959 3327 velit,
984 3271 1075 3316 tamen
1095 3280 1125 3315 ca
1145 3268 1226 3340 verbu

200 3355 252 3404 boc
269 3351 379 3421 quidem
397 3352 457 3402 loco
477 3369 589 3421 prorsus
609 3355 703 3421 inepta
734 3352 873 3424 apparent.
909 3359 975 3409 Nam
1003 3357 1066 3408 inde
1097 3378 1113 3410 s
1136 3362 1226 3413 vertas

90 3445 95 3462 ⁸
199 3447 323 3500 atbcunti
340 3431 425 3514 usqne
444 3434 482 3498 ad¹
496 3447 655 3518 obligantur
673 3467 728 3502 non
750 3453 783 3504 de
800 3455 870 3505 comi
889 3455 960 3522 apud
974 3443 1120 3508 Germanos
1134 3457 1228 3518 bospi-

199 3550 257 3594 tum
275 3541 363 3603 victu,
381 3542 428 3592 sed
448 3541 592 3594 decorum
612 3546 779 3614 inhospites
803 3547 968 3600 liberalitate
989 3557 1016 3600 et
1036 3549 1165 3616 poscendi
1187 3553 1227 3603 la-

200 3638 304 3708 cilitate
319 3637 476 3704 expositum
494 3645 543 3691 est.
578 3627 673 3707 Itaque
701 3639 768 3692 baec
786 3643 868 3696 verba
896 3660 950 3694 non
980 3645 1066 3694 solum
1097 3649 1224 3716 languida

200 3737 263 3782 sunt
280 3737 308 3782 et
325 3731 417 3782 inania
436 3732 483 3784 sed
505 3733 584 3784 ctiam
604 3735 693 3787 alieno
712 3737 772 3787 loco
791 3739 885 3804 posits.
920 3737 1061 3808 Adscripta
1081 3750 1158 3794 erant
1177 3755 1225 3791 sn.

199 3823 270 3893 tiqul
289 3824 352 3876 libri
371 3821 508 3875 cuiusdam
536 3827 664 3895 margini,
691 3833 722 3876 ut
742 3827 794 3878 loci
812 3837 999 3898 argumentum
1026 3831 1060 3882 iis
1092 3831 1225 3901 significa-

201 3921 292 3977 retur,
309 3925 337 3968 et
353 3915 417 3966 inde
436 3914 589 3966 a'llbrariis
608 3917 688 3984 capiti
712 3924 831 3969 extremo
851 3920 986 3988 adplicata
1005 3931 1077 3976 sunt.

183 4009 185 4022 ’
272 4010 384 4082 smirci
404 4009 510 4080 Lipsius
531 4011 625 4065 etcod
654 4009 879 4095 Ht'lccterlioci.
963 4039 965 4044 ·
