2912 4730
587 361 665 430 uin.
687 363 743 452 ui.
767 359 839 446 cap
862 363 956 430 s-u.
1235 361 1295 430 135
1327 363 1448 444 Μ

249 541 333 604 tibus
354 563 426 605 cum
446 541 577 604 maxime
596 543 736 626 partibus
756 544 886 606 honesta
907 543 1009 626 specis
1029 539 1293 625 praetenderetur.
1308 557 1339 630 (a
1359 551 1387 606 c.
1401 552 1448 628 ⁶9]

103 691 104 695 =
215 653 397 734 5Ceterum
418 663 453 714 nt
476 655 687 734 transmittere
707 653 738 714 in
762 652 880 736 ltaliam
902 653 1028 734 impune
1059 659 1090 712 et
1111 651 1178 712 usui
1201 653 1294 729 foret,
1345 635 1349 644 ⁸

88 749 93 758 ¹
250 759 397 846 scriptum
415 759 539 842 Aponio
560 759 750 838 Saturnino,
771 779 842 830 cum
864 758 1000 820 exercitu
1024 759 1159 822 Moesico
1182 758 1297 822 celera-

247 879 308 934 ret.
350 872 398 932 Ae
418 889 459 930 ne
478 868 615 928 inermes
632 866 812 948 provinciae
833 864 972 925 barbaris
1001 862 1177 924 nationibus
1203 886 1297 948 erpo·
1320 883 1323 890 ’
1406 927 1413 940 ,

219 977 408 1052 merentur,
433 976 588 1059 principes
608 976 822 1037 Sarmatarum
845 975 1000 1055 lezugum,
1020 977 1111 1054 p'eues
1130 994 1206 1055 quos
1221 977 1296 1036 civi-

244 1083 316 1144 tatis
334 1087 494 1168 regimen,
519 1087 551 1144 in
574 1081 788 1144 commilitium
812 1081 934 1142 adsciti.'
968 1079 1096 1141 Plebem
1116 1103 1237 1164 quoquc
1255 1079 1299 1144 'et

247 1191 312 1251 vim
332 1193 492 1276 equiturn,
520 1213 580 1274 qua
602 1191 666 1252 sola
700 1189 829 1269 velent,
859 1190 1047 1251 offerebant:
1079 1190 1237 1250 remissum
1265 1190 1297 1250 id
1360 1225 1362 1232 ·

172 1373 174 1378 Ι
248 1317 374 1374 munus,
395 1321 436 1362 ne
457 1303 542 1362 inter
564 1299 728 1360 discordias
741 1309 866 1360 externa
886 1281 1088 1377 molirentur,
1110 1307 1165 1358 sut
1181 1301 1298 1358 meiere

248 1426 284 1466 er
320 1403 444 1470 diverso
472 1408 613 1470 mercede
645 1385 692 1468 ius
720 1407 828 1490 fasque
859 1417 1015 1468 exuerent.
1058 1407 1244 1468 Trahuntur
1266 1409 1296 1467 in

137 1529 140 1533 '
203 1525 348 1597 ropartes
376 1518 454 1580 Sido
483 1527 576 1600 etque
597 1517 723 1578 ltelieus
757 1535 843 1599 reges
876 1516 1067 1591 Suevnmrn,
1107 1517 1176 1598 quis
1210 1517 1298 1577 vetus

243 1617 427 1708 obsequium
449 1647 521 1708 erga
542 1626 713 1701 Romanos,
736 1636 767 1687 et
788 1645 863 1706 gens
882 1623 952 1686 lidei
975 1599 1150 1686 commissos
1179 1625 1296 1706 patien-

245 1731 316 1792 tior.
352 1720 463 1793 'Posita
485 1734 517 1792 in
539 1730 619 1792 latus
641 1728 771 1808 auxilie,
792 1731 901 1792 infesto
936 1732 1060 1808 Raetia,
1087 1729 1139 1791 cui
1160 1733 1293 1792 Porcius

247 1835 433 1923 Septiminus
460 1848 646 1922 procurator
677 1847 767 1914 erat,
796 1837 994 1921 incorruptae
1024 1857 1098 1922 erga
1138 1838 1298 1902 Vitellium

244 1944 327 2013 fidei.
371 1947 468 2030 igitur
490 1947 639 2007 Sextilius
660 1945 745 2006 Felix
769 1965 840 2004 cum
862 1945 909 2005 ola
934 1947 1071 2006 Auriana
1092 1956 1128 2006 et
1148 1959 1220 2008 octo
1242 1969 1297 2010 co.

201 2051 386 2120 15lrortibus
409 2075 446 2113 ac
478 2054 667 2114 Noricorum
697 2055 858 2114 iuventute
887 2051 926 2112 ud
955 2053 1172 2134 occupandam
1199 2056 1295 2136 ripam

245 2161 321 2220 Aeni
342 2161 496 2230 fluminis,
521 2159 738 2239 quoleaetos
760 2159 950 2239 Noricosque
972 2157 1142 2244 interfluit,
1174 2162 1294 2244 missus.

246 2264 311 2325 Nec
331 2263 379 2324 bis
402 2273 456 2324 sut
473 2261 536 2324 illis
558 2265 705 2345 praelium
727 2265 921 2326 tentantibus
934 2264 1054 2329 fortune
1073 2266 1208 2347 partium
1223 2269 1295 2334 alibi

185 2413 188 2420 ·
245 2384 427 2451 transacta*
794 2427 800 2435 ,

212 2477 237 2556 6
331 2470 473 2542 Antonio
493 2476 708 2542 vexillariose
737 2469 915 2542 cohortibus
940 2489 974 2542 et
1007 2489 1125 2562 partem
1156 2481 1293 2560 equitum

198 2585 286 2646 acad
310 2586 518 2648 invadendum
541 2585 660 2652 ltaliam
683 2588 812 2670 rapienti
833 2607 934 2648 comes
963 2585 1022 2647 fnit
1044 2588 1156 2648 Arrius
1178 2589 1294 2668 Varus,

246 2705 391 2757 strennus
413 2693 512 2771 bello;
536 2717 626 2782 quarn
649 2696 784 2779 gloriam
806 2707 836 2757 et
859 2695 919 2756 dux
941 2695 1080 2756 Corbulo
1106 2707 1136 2756 et
1166 2711 1294 2778 prospe·

247 2822 306 2861 rae
321 2805 354 2862 in
373 2804 516 2862 Armenia
539 2823 588 2863 res
609 2779 805 2892 addiderant⁸⁴
847 2799 929 2862 ldem
952 2803 1076 2862 secretis
1097 2803 1178 2882 apud
1197 2807 1294 2866 Nero·

157 2929 160 2940 ⁴
247 2929 318 2970 nem
339 2911 530 2972 sermonibus
551 2911 707 2974 ferebatur
728 2911 911 2974 Corbulonis
933 2913 1058 2972 virtutes
1091 2911 1291 2995 criminatus3

171 3031 173 3040 ’
249 3017 332 3078 unde
359 3018 464 3078 infami
487 3019 583 3101 gratia
601 3023 738 3102 primurn
761 3020 856 3102 pilum
879 3017 1077 3101 adeptolsetu
1101 3019 1291 3099 adpraesens

260 3171 533 3182 ...u-*a*

335 3241 359 3292 3.
376 3239 423 3294 Ma
441 3238 554 3314 Aponio
582 3243 688 3297 Sotium
715 3259 747 3296 ue
770 3245 865 3298 statim
895 3244 1018 3297 transilit
1035 3241 1069 3295 ud
1087 3259 1109 3294 c.
1127 3259 1153 3310 7.
1180 3242 1289 3296 revire-

246 3351 322 3390 scere
341 3363 356 3376 ·
374 3351 396 3388 c.
423 3353 449 3406 9·
473 3349 504 3390 ut
522 3337 633 3391 inimici
663 3353 694 3389 ac
717 3347 775 3392 tum
804 3340 878 3392 redit
905 3340 940 3396 sd
965 3359 987 3392 c.
1013 3343 1037 3392 5.
1058 3339 1127 3390 nino
1145 3345 1205 3392 cunr
1232 3335 1289 3409 (rel

246 3433 529 3506 incaementatum
549 3437 671 3498 Moesico
689 3437 834 3492 celeraret.
869 3439 963 3492 Ceteri
980 3437 1087 3489 codices
1113 3434 1144 3486 io
1163 3439 1289 3502 tramp'o-

246 3531 565 3601 sitionem-conspirant,
586 3535 774 3602 corruptiones
795 3536 943 3593 cumulent.
981 3532 1099 3586 Picheno
1123 3545 1217 3588 rerum
1243 3539 1288 3581 on·
1328 3545 1330 3552 ·

247 3625 341 3680 dinem
363 3629 503 3689 restituit,
520 3627 649 3698 idemque
669 3638 795 3700 corrupta
814 3639 877 3702 poet
896 3633 966 3684 alios
984 3630 1099 3682 canerit
1184 3667 1187 3673 .
1311 3623 1314 3630 ’

227 3769 229 3773 .
322 3739 360 3774 ιο.
377 3735 457 3794 porte
475 3721 534 3784 Ma,
555 3730 583 3774 et
599 3718 749 3778 sueborum.

319 3835 357 3871 ιι.
378 3817 468 3872 catu
485 3821 664 3906 remmissier,
676 3837 745 3891 quae
756 3820 911 3896 terminatio
925 3835 958 3872 ex
977 3826 1162 3893 consequente
1176 3818 1287 3893 puticu-
1302 3820 1304 3826 '

207 3965 210 3986 Ι
247 3912 379 3966 tior-‘orte
398 3919 448 3964 est.
674 3973 677 3977 ¹
1006 3967 1008 3974 s

236 4058 238 4062 .
320 4008 356 4058 16.
375 4012 445 4064 Aeni
463 4009 622 4065 Rhenanus:
644 4010 750 4068 codices
769 4011 864 4066 lllcui.
883 4011 946 4066 Mox
966 4014 1074 4069 missum
1095 4027 1144 4064 nce
1164 4009 1251 4063 istst
1291 4067 1293 4070 ,
