2914 4724
226 385 267 448 50
598 375 888 440 utstoatanuat

65 577 91 646 (a
111 576 140 632 C.
159 560 318 654 afflegem
338 560 547 624 Heluetiomm
567 563 668 621 minus
686 559 867 643 plambilem
885 559 1101 640 imperatorem
1119 577 1159 618 an
1174 556 1257 618 mili-

222 679 286 732 tem
305 667 490 732 invenerint.
533 667 672 729 Civitatis
690 667 841 729 excidium
851 677 990 748 ροεωιιῑ,
1014 663 1077 726 tela
1093 685 1130 726 ae
1146 685 1255 726 mnne

221 778 256 839 iu
281 797 337 838 ora
370 774 537 856 legatorum
564 775 727 841 intentant.
768 774 816 837 Ne
845 773 988 836 Vitellius
1015 771 1140 855 quidem
1166 771 1257 834 minio

222 903 259 943 ac
279 878 384 941 verbis
407 879 618 962 temperabat,
639 901 709 942 cum
729 878 874 943 Claudius
894 877 1024 959 Cossus,
1046 901 1124 940 unus
1142 899 1179 938 ex
1206 877 1254 938 le.

223 988 315 1070 gotia,
336 995 428 1050 uotae
448 987 624 1065 facundiae,
656 987 712 1050 red
734 986 857 1049 dicendi
886 997 987 1048 artern
1013 995 1088 1068 apta
1116 981 1285 1066 trepida-5

222 1095 303 1154 tione
322 1091 477 1155 occultans
497 1104 592 1178 atque
610 1115 647 1155 eo
667 1093 810 1171 validior,
831 1093 936 1156 militis
950 1095 1085 1154 animum
1096 1091 1256 1173 mitigavit,

222 1210 259 1262 ut
279 1210 323 1260 eat
342 1222 405 1264 mos
427 1202 535 1284 volgo,
563 1201 743 1262 mutabilem
769 1202 877 1263 subitis
905 1212 938 1264 et
967 1212 1030 1262 tam
1059 1220 1195 1282 pronum
1222 1197 1256 1258 iu

223 1309 464 1370 misericordiam
486 1329 579 1390 quam
599 1306 797 1367 immodicum
816 1311 941 1370 saevitia
962 1311 1103 1384 [fueratJ.
1146 1304 1257 1366 Effusis

224 1416 356 1478 lacrimis
377 1426 408 1478 et
429 1413 554 1474 meliora
574 1415 761 1474 constantius
779 1412 964 1496 postulando
983 1415 1194 1494 impunitatem
1207 1433 1256 1473 sa·

113 1567 117 1575 ,
196 1525 380 1606 ‘lutemque
400 1521 514 1583 civitati
531 1522 751 1602 impetravere.
794 1519 925 1580 saccina
946 1539 1060 1600 paucos
1092 1521 1125 1578 in
1145 1518 1255 1580 Helve-
1268 1513 1324 1596 '10

222 1629 272 1692 tiis
303 1640 437 1692 muratus
463 1627 550 1705 dies,
583 1627 658 1688 dum
685 1627 852 1688 sententiae
871 1623 990 1688 Vitellii
1020 1627 1135 1688 certior
1157 1623 1254 1704 tieret,

223 1735 313 1800 arnul
333 1735 496 1798 transitum
517 1731 639 1818 Alpium
659 1755 795 1817 paraus,
815 1733 931 1796 laetum
951 1753 988 1794 ex
1008 1733 1097 1796 ltalia
1114 1734 1257 1794 nuntium

224 1845 351 1925 occipit,
372 1840 452 1902 alam
475 1840 621 1903 Silianam
642 1843 724 1906 circa
755 1842 875 1904 Padum
906 1851 1045 1924 agentem
1070 1852 1256 1904 sacramento

226 1948 345 2010 Vitellii
364 1951 531 2016 accessisse.
573 1948 798 2012 Proconsulem
807 1949 978 2035 Vitellium
991 1947 1097 2012 Siliani
1114 1950 1256 2014 inAfrica

314 2139 337 2179 ι.
356 2121 435 2174 bilem
453 2152 487 2164 -
504 2138 527 2172 r.
546 2121 578 2192 75
597 2121 856 2176 incertum-omittit
874 2122 938 2187 Μ’,
969 2123 1046 2176 cuius
1076 2123 1106 2176 in
1134 2124 1255 2195 margine

225 2213 280 2266 alia
297 2231 390 2267 manus
408 2215 504 2278 „deest
521 2213 648 2267 altarem

312 2311 336 2363 S·
354 2309 537 2378 immodicam]
557 2312 632 2363 Hauc
649 2311 770 2364 emnium
784 2309 917 2364 librorum
945 2311 1106 2384 scripturam
1126 2314 1254 2385 plerique

227 2403 345 2457 editores
366 2414 474 2458 auctore
492 2406 678 2460 Freinshemio
697 2408 727 2458 in
747 2406 907 2462 immodicus
922 2415 1109 2472 mutaverunt,
1126 2411 1254 2464 nonnulli

227 2501 280 2552 alia
302 2501 408 2552 ratione
422 2503 585 2551 sententiam
602 2509 818 2572 structuramque
836 2501 979 2556 verborum
998 2503 1126 2572 expedire
1155 2505 1255 2560 frustm

227 2609 338 2663 operam
356 2593 497 2646 dederuut.
534 2594 590 2663 Qui
607 2594 824 2648 Freinshemium
836 2597 923 2648 secuti
934 2604 997 2650 sunt
1013 2599 1172 2668 scriptorem
1183 2601 1257 2654 hune

227 2691 344 2760 primum
366 2688 398 2740 in
416 2689 572 2742 universum
591 2687 624 2742 de
641 2691 737 2742 militis
755 2691 844 2742 auimo
853 2689 1029 2746 disserentem
1047 2703 1148 2748 actum
1161 2697 1255 2752 cubito

229 2782 264 2834 aa
284 2781 443 2834 Caeciniaui
461 2784 556 2835 militis
580 2786 700 2836 animum
730 2782 920 2838 declarandum
949 2788 1115 2844 recidentem
1141 2791 1253 2857 faciunt,

229 2891 325 2944 magua
347 2875 491 2928 distinctae
512 2878 642 2930 orationis
663 2877 815 2948 dispendio.
849 2879 886 2933 At
906 2883 979 2934 euim
995 2887 1176 2955 cormptiouis
1192 2887 1254 2942 fons

231 2969 404 3042 quaerendus
422 2979 463 3024 ert
489 2973 518 3023 iu
542 2970 625 3026 verbo
651 2973 764 3041 suerat:
799 2974 829 3026 id
853 2975 962 3028 intersit
990 2980 1038 3052 qui
1065 2981 1101 3032 ad
1130 2985 1254 3051 particu-

228 3067 282 3118 lam
300 3081 381 3136 qnam
398 3063 510 3116 verbum
528 3066 629 3135 requiri
648 3065 700 3116 sibi
721 3079 897 3138 persuaserat
934 3071 992 3123 Hoc
1010 3073 1097 3125 eiecto
1117 3075 1254 3127 sententia

230 3159 383 3211 restituitur
402 3157 469 3208 clara
487 3164 515 3208 ct
532 3165 641 3210 oruata:
661 3163 762 3228 quippe
776 3161 870 3214 indeo
888 3164 1021 3218 verbisne
1037 3177 1078 3218 ett
1094 3185 1151 3220 mcs
1169 3172 1253 3242 volgo

230 3253 260 3304 iu
277 3267 374 3322 gauere
390 3249 486 3314 militia
503 3253 608 3302 animus
627 3250 799 3311 describitur.

303 3347 342 3400 13.
359 3345 506 3408 Silianam]
529 3346 652 3400 Silanum
670 3352 698 3398 et
714 3347 795 3415 paulo
814 3356 877 3419 post
894 3350 986 3404 Silani
1002 3349 1084 3416 lae,
1106 3354 1250 3421 Syllanam

206 3452 209 3463 ‘
231 3443 260 3490 et
276 3437 386 3506 Syllani
393 3438 427 3500 G,
444 3435 585 3492 Sullanam
604 3447 631 3492 et
648 3440 760 3494 Sullani
775 3443 904 3513 vulgo.-
915 3442 987 3512 Quia
1008 3445 1079 3498 iufra
1096 3448 1130 3511 11,
1148 3466 1186 3516 ¹7·
1209 3446 1254 3496 Ma

230 3534 266 3604 (ia
292 3530 337 3582 hic
361 3529 462 3604 deficit)
480 3528 593 3584 eandem
610 3533 678 3588 alam
696 3537 829 3591 Silianam
849 3547 946 3604 vocat,
967 3548 995 3593 et
1012 3544 1140 3612 quoniam
1155 3541 1253 3593 verisi-

231 3625 324 3680 milior
344 3624 429 3676 vlrum
447 3633 488 3680 est
503 3623 656 3681 baucalem
674 3629 732 3681 aC.
750 3632 818 3684 Silio
827 3636 975 3704 superioria
995 3633 1044 3688 rub
1056 3635 1170 3688 Tiberio
1183 3638 1252 3690 Ger·

232 3719 340 3774 maniae
357 3718 444 3786 legata
462 3723 506 3792 (ci.
526 3723 554 3774 l.
574 3724 596 3788 l,
614 3727 657 3779 31.
677 3741 718 3794 72.
735 3727 771 3790 ll,
789 3729 814 3779 6.
834 3745 859 3798 7.
878 3729 918 3780 25.
939 3730 998 3794 111,
1015 3731 1058 3799 qa.
1076 3732 1117 3801 45.
1135 3731 1181 3784 1v.
1202 3731 1253 3800 19.)

232 3821 261 3868 et
284 3813 341 3866 viro
365 3811 511 3868 elarinimo
540 3833 640 3872 nomen
669 3822 802 3888 accepisic
825 3837 906 3894 quam
932 3823 967 3876 ab
995 3823 1109 3878 obscuro
1136 3824 1253 3896 quodam

231 3894 389 3978 procincto,
413 3903 456 3954 cui
474 3905 564 3961 Sullae
584 3925 683 3964 nornen
701 3910 802 3976 luerit,
833 3914 959 3984 equidem
975 3931 1035 3972 cum
1052 3920 1204 3991 Bipoutiair
1225 3927 1254 3970 et

230 3999 285 4055 iaco
303 3997 362 4078 loco
382 3995 445 4050 dedi
462 3999 596 4054 Silianam
617 4011 644 4056 et
662 4005 742 4076 paulo
761 4015 822 4077 post
839 4009 949 4063 Siliani.
