2890 4728
221 429 283 498 eat
384 461 387 469 s
614 387 852 488 uenrcomn

217 629 311 690 eoque
332 603 522 686 interiectus
536 607 673 668 noudum
695 606 815 690 volgato
843 627 967 670 rumore
998 618 1032 668 ut
1061 606 1240 668 miraculum

217 713 491 797 praevebebautur.
534 715 604 774 Mox
624 714 794 796 habetque
813 713 865 774 illa
884 715 973 796 rupti,
995 725 1025 776 et
1045 735 1116 776 cum
1137 715 1242 796 pleris-

216 842 277 901 que
296 821 510 900 Britannqrum
530 839 585 910 sua
606 818 823 882 defensantium
850 818 965 900 praelio
997 823 1170 903 congressi,
1209 801 1256 882 ue¹
1429 883 1430 916 p

218 947 306 1007 saepe
326 927 474 1000 victores,
496 921 658 1004 aliquando
675 922 775 1003 pulsi,
803 944 839 984 eo
863 923 902 984 ad
928 933 1098 984 extremum
1128 925 1245 1008 inopiae
1428 923 1430 960 ¹

217 1055 328 1094 venere
348 1043 383 1091 ut
402 1030 616 1093 infirmissimos
635 1050 770 1107 suorum,
789 1051 859 1092 mox
879 1041 958 1092 sorte
970 1030 1076 1092 ductos
1088 1053 1243 1095 vescerer·
1254 1043 1273 1105 5
1294 1109 1299 1114 .
1428 985 1430 1074 i

116 1176 119 1180 ·
218 1153 278 1206 tur.
321 1141 427 1222 Atque
446 1138 699 1198 itacircumvecti
719 1139 922 1218 Britanniam,
945 1137 1058 1198 amissis
1078 1159 1132 1219 per
1152 1139 1246 1200 insci..

154 1256 156 1264 '
220 1251 293 1310 tiam
311 1244 580 1328 regendisnavibus
592 1285 601 1319 ,
625 1265 681 1324 pro
702 1231 908 1324 praedonibus
932 1244 1054 1322 habiti,
1068 1246 1203 1326 primum
1228 1271 1246 1308 a

220 1354 340 1430 suevis,
363 1373 430 1412 mox
451 1373 468 1411 a
487 1351 591 1412 Frisiis
612 1351 773 1432 intercepti
795 1361 873 1439 sunt,
917 1354 960 1412 Ae
983 1353 1066 1414 fuere
1086 1375 1161 1436 quos
1194 1377 1247 1436 per

208 1457 399 1522 ‘commercia
424 1459 641 1528 venumdatos,
661 1469 692 1520 et
714 1457 746 1518 iu
769 1470 904 1520 nostram
936 1481 1032 1550 usque
1055 1461 1151 1542 ripam
1178 1483 1248 1526 mu*

219 1571 333 1632 tatione
355 1568 520 1628 ementium
542 1565 690 1627 adductos
709 1565 854 1632 indicium
870 1569 948 1628 tanti
968 1565 1297 1641 casusillustravit.10

61 1674 207 1750 (nuth)
302 1676 391 1736 Initio
412 1675 534 1734 aestatis
553 1672 695 1754 Agricola
717 1674 882 1736 domestico
904 1677 1029 1737 volnere
1060 1676 1139 1737 ictus
1169 1677 1315 1760 ann029

221 1795 292 1846 aute
314 1793 418 1842 netum
434 1781 534 1848 ¹lilium
556 1783 667 1842 amisit.
710 1783 810 1860 Quem
834 1803 936 1844 casum
956 1805 1072 1867 neque,
1103 1795 1138 1846 ut
1156 1785 1249 1868 pleri-

187 1952 190 1958 ,
221 1913 281 1974 que
304 1877 430 1950 fortium
454 1887 613 1964 virorum,
635 1888 813 1966 ambitiose,
836 1911 935 1973 neque
955 1911 1008 1972 per
1029 1890 1160 1954 lamenta
1181 1913 1249 1953 rur-

220 2020 270 2060 sus
294 2019 328 2058 ac
339 2015 503 2057 maerorem
515 1992 702 2054 muliebriter
722 1995 810 2054 tulit:
834 2005 867 2055 et
886 1997 917 2056 iu
938 1995 1020 2057 luctu
1042 1995 1251 2058 belluminter

223 2102 355 2165 remedia
376 2111 451 2162 erat.
493 2100 588 2184 Igitur
607 2099 771 2182 praemissa
791 2101 899 2180 classe,
928 2123 1006 2182 quae
1024 2102 1164 2184 pluribus
1177 2107 1250 2169 loeis
1263 2119 1298 2182 ¹5

221 2209 363 2293 praedata
385 2229 528 2292 magnum
554 2219 584 2267 et
606 2205 761 2268 incertum
778 2218 930 2268 terrorem
952 2208 1079 2290 faceret,
1114 2215 1250 2298 expedito

223 2319 374 2396 exercitu,
396 2319 445 2378 eui
463 2338 497 2378 ex
520 2315 673 2376 Britannis
690 2315 866 2376 fortissimos
888 2325 917 2376 et
939 2313 1027 2398 longa
1048 2339 1121 2398 paee
1149 2323 1250 2404 explo-

223 2423 512 2500 missadedins,
534 2421 727 2484 admontem
752 2422 933 2501 Grampinm
968 2429 1127 2507 pervenit,
1159 2451 1251 2512 quem

224 2536 285 2594 iam
307 2533 407 2594 hostes
426 2527 611 2590 insederant.
655 2529 731 2587 Nam
751 2526 891 2612 Britanni
910 2525 987 2590 nihil
1015 2528 1106 2590 fracti
1135 2553 1253 2614 pugnae

225 2643 336 2727 prioris
357 2648 481 2716 eventu,
504 2645 536 2698 et
547 2635 696 2696 ultionem
712 2644 766 2693 ant
786 2633 945 2694 servitium
959 2623 1303 2716 exspectantesjtanqo

222 2749 357 2829 'demque
377 2744 460 2806 docti
473 2761 632 2806 commune
644 2738 817 2823 periculum
829 2743 1253 2834 eon'eordiaipropulsandum

225 2853 426 2938 legationibus
446 2861 475 2913 et
495 2849 664 2912 loederibus
684 2848 821 2908 omnium
842 2848 1001 2911 civitatum
1022 2853 1102 2913 vires
1137 2853 1254 2912 excive-

226 2970 309 3026 rant.
353 2957 479 3042 lamque
499 2978 591 3039 super
613 2955 737 3036 triginta
758 2952 840 3016 milia
860 2969 1046 3018 armatorum
1067 2957 1255 3039 aspicieban-

226 3079 300 3145 tur‚
319 3077 350 3127 et
371 3064 470 3126 adhue
486 3061 633 3154 'affluebat
661 3060 758 3120 omnis
785 3061 928 3123 iuventus
958 3074 988 3123 et
1022 3065 1133 3144 quibus
1160 3061 1256 3150 cruda

226 3185 259 3238 et
279 3172 387 3236 viridis
406 3179 563 3246 senectus,
604 3167 676 3226 clari
696 3165 782 3234 bello,
796 3177 826 3227 et
846 3187 900 3226 sua
921 3149 1049 3248 quisque
1071 3170 1182 3252 decora
1202 3181 1303 3251 ge·25

226 3291 339 3344 stantes
351 3325 364 3365 ,Ι
392 3278 563 3339 euminter
583 3273 685 3356 plures
707 3274 798 3338 duces
820 3278 932 3338 virtute
960 3285 990 3338 et
1017 3295 1132 3362 genere
1165 3298 1253 3360 prae-

232 3394 520 3414 ...η’-..θηβα-
566 3401 572 3418 g

228 3453 257 3502 in
279 3454 429 3521 remigante
448 3447 502 3499 sibi
522 3449 593 3499 visus
614 3453 655 3498 est
675 3447 825 3517 repperisse
844 3444 998 3512 Walchins;
1021 3464 1082 3500 nam
1103 3453 1254 3517 remigrare

228 3542 323 3596 Latine
341 3559 396 3594 uon
415 3541 516 3592 dicitur
535 3554 583 3608 pro
595 3539 720 3609 refugere
737 3540 793 3590 sive
811 3539 886 3592 elabi
901 3540 957 3594 sive
970 3542 1040 3595 clam
1057 3558 1085 3593 se
1096 3540 1253 3595 subducere.

86 3627 88 3632 ’
180 3651 184 3656 ·
289 3641 291 3646 ’
316 3650 340 3684 2.
355 3635 591 3706 praevenebantur
606 3633 650 3686 Vb
671 3621 701 3685 in
718 3635 855 3703 margine:
872 3637 916 3688 ΔΕ
930 3635 1157 3707 provehebantur,

318 3746 345 3782 2.
366 3746 427 3784 marr
445 3731 483 3784 ad
500 3747 601 3802 aquam
621 3742 750 3801 atquem
769 3732 821 3785 illa
840 3732 929 3804 raptis
943 3732 996 3803 (Vb
1015 3733 1101 3804 rapti)
1119 3745 1206 3784 secann
1217 3727 1255 3796 pl·

113 3853 122 3862 =
231 3826 274 3880 ΔΕ
293 3831 320 3876 et
338 3824 399 3889 Vb3
416 3827 497 3877 tacite
517 3826 634 3878 correxit
646 3825 803 3880 -llbeuanua

319 3919 344 3974 6.
362 3917 405 3969 ita
422 3935 474 3970 om.
491 3921 540 3972 Vb.

305 4028 343 4082 ¹9·
362 4010 448 4066 bortis
465 4011 603 4070 insederat
619 4014 670 4067 Vb.
