2890 4728
626 397 712 458 ctP.
738 399 875 462 18-19.
1184 405 1246 469 3⁹7

219 602 329 658 meas,
348 580 403 662 qni
421 598 506 639 marc
525 577 758 659 exspectabant,
780 577 859 638 nibil
881 577 1012 640 arduum
1030 588 1085 641 aut
1104 580 1249 644 invictum

214 689 410 757 crediderint
425 688 469 748 sic
488 686 529 746 ad
545 685 661 748 bellum
681 685 882 750 venientibus.
922 687 967 746 lta
990 686 1086 768 petita
1119 707 1194 770 pace
1214 710 1249 749 ac

219 797 321 856 dedita
342 794 441 856 insula
459 795 564 856 clarus
591 817 627 856 ac
655 815 784 878 maguus
816 793 924 858 baberi
942 793 1100 876 Agricola,
1133 797 1249 878 quippe

218 905 270 962 cui
291 901 471 984 ingredienti
490 903 698 985 provinciam,
721 901 807 982 quod
826 911 946 984 tempus
966 901 1017 962 alii
1037 923 1095 984 per
1112 909 1247 966 ostenta.

192 1011 333 1076 5tionem
353 1021 407 1070 aut
426 1010 595 1071 officiorum
615 1010 763 1069 ambitum
785 1011 978 1091 transigunt,
1007 1009 1097 1070 labor
1117 1021 1148 1071 et
1167 1013 1248 1093 peri·

221 1116 326 1176 culum
350 1118 519 1199 placuisset.
560 1118 623 1178 Nec
644 1115 784 1196 Agricola
798 1120 1002 1199 prosperitate
1021 1139 1126 1178 rerum
1145 1119 1177 1176 iu
1192 1138 1249 1177 va.

220 1223 347 1282 nitatem
368 1244 439 1284 usus
470 1223 694 1304 expeditionem
726 1232 779 1282 ant
801 1221 964 1282 victoriam
995 1222 1125 1284 vocabat
1152 1224 1250 1285 victos

220 1332 422 1396 continuisse:
446 1353 485 1392 ne
504 1332 644 1392 laureatis
661 1327 784 1411 quidem
804 1339 888 1412 gesta
916 1339 1094 1410 prosecutus
1112 1341 1166 1396 ert.
1187 1333 1248 1393 Sed

108 1501 112 1506 ,
219 1438 286 1517 ipsa
298 1436 535 1498 dissimulatione
553 1437 652 1497 fatuae
663 1438 772 1496 famam
786 1437 882 1513 aurit,
897 1437 1126 1500 aestimantibus
1135 1450 1250 1522 quantu

157 1527 316 1606 lllfuturi
336 1565 388 1624 spe
408 1556 474 1604 tam
492 1563 601 1626 magna
622 1545 774 1604 tacuisset.
817 1541 961 1603 Ceterum
982 1545 1154 1604 animorum
1177 1567 1250 1627 pro-

219 1653 337 1712 vinciae
355 1653 506 1733 prudens,
528 1651 681 1734 simulque
700 1652 808 1712 doctus
828 1673 884 1733 per
917 1651 1015 1714 aliena
1044 1654 1249 1734 experimenta

218 1780 327 1840 parum
348 1761 456 1842 profici
480 1765 590 1835 armis,
611 1762 636 1820 ei
657 1760 785 1820 iniuriae
804 1772 1021 1842 sequerentur,
1054 1747 1159 1821 censu
1180 1760 1250 1824 bel-

219 1869 320 1926 lornm
339 1867 445 1927 statuit
462 1865 607 1928 excidere.
648 1865 720 1924 Aac
734 1865 856 1944 suisque
868 1885 953 1926 orsus
971 1867 1104 1945 primum
1126 1863 1249 1927 domum

219 1995 306 2034 suam
328 1974 485 2048 coercuit3
517 1971 599 2051 quod
620 1969 776 2052 plerisque
805 1970 889 2030 baud
920 1973 1021 2030 miuus
1050 1971 1180 2032 arduum
1206 1985 1251 2036 est

177 2077 314 2162 15qnam
347 2078 535 2160 provinciam
561 2065 688 2156 'regere-
742 2075 823 2133 Nihil
850 2097 905 2155 per
933 2075 1060 2135 libertos
1086 2099 1252 2160 servosque

222 2184 362 2268 publicae
382 2184 450 2259 rei;
472 2201 535 2239 nou
555 2179 664 2240 studiis
692 2180 818 2261 privatis
847 2201 903 2240 nec
932 2201 968 2240 ex
992 2174 1266 2247 commendatione¹

223 2303 277 2354 aut
311 2289 455 2373 precibus
492 2287 705 2348 centurionum
728 2277 845 2346 ¹milites
881 2287 995 2363 ascire,
1026 2288 1079 2348 sed
1105 2289 1253 2370 optimum

224 2418 379 2483 quemque
399 2395 606 2457 fidelissimum
625 2403 744 2474 putare.
787 2393 900 2452 Omnia
935 2395 1027 2469 scire,
1058 2416 1121 2456 non
1149 2396 1252 2458 omnia

225 2509 357 2590 exsequi.
400 2503 509 2566 Partis
528 2504 658 2584 peccatis
671 2500 804 2586 veniam,
828 2502 941 2582 magnis
959 2505 1149 2562 severitatem
1166 2523 1255 2564 com·

177 2615 368 2694 aomodare3
389 2635 445 2674 nee
467 2631 562 2692 poena
580 2629 698 2688 semper
715 2607 768 2668 sed
788 2607 908 2688 saepius
920 2611 1105 2688 paenitentia
1129 2619 1254 2684 conten·

36 2710 43 2787 l
224 2732 275 2784 tus
294 2741 368 2780 esse·
409 2716 526 2778 Officiis
547 2727 578 2777 et
600 2714 912 2777 administrationibus
935 2717 1036 2794 potius
1059 2737 1120 2776 uon
1143 2737 1251 2798 peccu-

225 2836 309 2884 turos
329 2842 540 2903 praeponere,
562 2843 652 2902 qnam
679 2821 826 2880 damnare
854 2841 923 2880 cum
946 2834 1128 2900 peccamem.
1171 2825 1253 2886 Fru-

227 2929 323 2990 menti
344 2938 373 2988 et
393 2929 579 2990 tributorum
601 2931 771 2990 auctionem
790 2928 969 3009 aequalitate
992 2950 1150 2990 munerum
1173 2931 1253 2994 mol-

227 3035 296 3114 lire,
317 3034 499 3096 circumcisis
509 3057 587 3117 quae
607 3037 638 3094 in
658 3047 815 3116 quaestum
837 3045 956 3115 reperta
976 3037 1041 3114 ipso
1056 3037 1173 3096 tributo
1183 3060 1254 3118 gra·

181 3144 220 3207 ²5
228 3147 296 3207 vius
316 3143 541 3205 tolerabantur.
583 3143 721 3223 Namque
743 3164 797 3224 per
818 3142 983 3202 ludibrium
993 3142 1124 3204 assidere
1144 3141 1255 3208 clausis

227 3254 350 3313 horreis
372 3262 401 3311 et
421 3271 519 3310 emere
536 3249 619 3308 ultro
640 3250 788 3310 frumenta
819 3273 855 3310 ac
883 3250 1014 3311 vendere
1041 3251 1138 3332 pretio
1164 3272 1254 3332 coge-

228 3358 350 3416 bantur.
394 3355 545 3414 Devortia
568 3354 709 3414 itinerum
728 3365 760 3415 et
777 3333 979 3438 longinquitas
998 3357 1153 3436 regionum
1173 3358 1253 3420 indi·

227 3471 431 3488 Ἢ

228 3516 321 3567 Batavi
338 3514 511 3566 accedebant.
545 3517 641 3583 Itaque
654 3531 710 3566 uon
727 3531 796 3584 opus
812 3532 870 3568 esre
886 3523 968 3584 puto,
988 3524 1020 3570 ut
1035 3534 1110 3572 naurs
1127 3535 1187 3572 cum
1198 3518 1254 3570 lto-

228 3611 288 3663 tbio
306 3613 516 3680 interpretemur
533 3614 685 3681 Bewegung
704 3609 751 3664 der
767 3629 875 3681 ganam
891 3614 1003 3666 Meeres.

298 3705 339 3772 td.
360 3716 454 3758 encrat
472 3705 516 3755 vel
533 3711 656 3757 coercent
675 3705 736 3770 stt;
755 3708 871 3758 correxit
888 3705 1040 3767 Rhenanus.

296 3802 338 3854 23.
356 3800 525 3854 exactionem
546 3799 585 3849 Va
604 3800 677 3850 etin
693 3800 812 3866 margine
829 3799 878 3851 Vb.
1001 3779 1004 3792 ⁶

297 3895 338 3959 'l-
358 3897 525 3951 circumcisis
563 3898 595 3949 in
631 3907 772 3968 quaestum
801 3908 910 3966 reperta
939 3913 1009 3970 quae
1036 3895 1100 3964 Ab,
1130 3891 1250 3946 correxit

158 4037 161 4040 .
229 3984 392 4042 ltbenanus'
