2914 4724
500 403 600 512 'utu
622 419 663 478 ιι.
689 417 783 478 (ιιι.
809 423 921 485 e-tt.
1191 416 1231 480 ιι

152 665 154 676 ,
203 599 234 660 vi
257 565 383 678 Crispus
406 591 586 670 incubuerat
604 593 769 658 delatorem
791 593 894 656 fratris
906 591 952 656 sui
964 603 1154 680 pervertere,
1164 571 1230 656 tra-
1243 597 1270 668 (o
1288 596 1316 650 C.
1340 599 1398 668 ⁶91)

199 717 349 789 seratque
371 723 509 788 maguam
530 713 652 766 senatus
672 714 804 786 partem,
822 693 862 764 'ut
881 701 1072 763 indefensum
1094 711 1123 762 et
1141 701 1233 762 inau-

200 813 298 874 ditum
328 813 397 874 dedi
429 811 469 874 ad
499 812 624 874 exitium
658 811 875 896 postularent·
897 809 1012 870 Contra
1039 807 1125 890 apud
1155 809 1231 872 alios

197 921 273 982 nihil
293 943 387 1004 aeque
411 943 466 984 reo
485 922 734 1004 proderetquam
755 919 848 980 nimie
868 911 1002 1000 potentia
1023 919 1229 980 accusatoris:

169 1031 264 1106 5dari
285 1042 425 1114 tempus,
455 1031 505 1092 edi
526 1029 678 1105 crimina,
702 1028 838 1108 quamvis
860 1027 988 1087 invisum
1013 1045 1050 1088 ao
1070 1036 1230 1087 nocentem

195 1156 285 1197 rnore
307 1149 407 1197 tamen
428 1135 618 1198 audiendum
640 1133 814 1196 censebant.
854 1131 894 1192 Et
913 1132 1036 1193 valuere
1057 1133 1166 1213 primo,
1178 1129 1229 1194 di-

196 1239 321 1321 lataque
341 1241 371 1300 iu
387 1262 498 1324 paucos
518 1240 581 1302 dies
596 1239 739 1320 cognitio.
781 1237 851 1298 Mox
863 1235 1023 1298 damnatus
1036 1247 1079 1298 est
1087 1237 1228 1316 Faustus,

197 1324 391 1428 nequaquam
414 1369 450 1410 eo
478 1368 600 1408 assensn
626 1345 776 1424 civitatis,
804 1365 894 1426 quem
926 1343 1063 1427 pessimis
1091 1344 1228 1406 moribus

110 1485 111 1492 ι
196 1464 357 1515 meruerat.
415 1453 535 1536 Quippe
569 1454 671 1536 ipsum
701 1453 842 1535 Crispum
872 1453 991 1514 easdem
1021 1431 1227 1532 accusationes

149 1583 264 1634 mcum
285 1565 418 1644 praemio
442 1561 611 1624 exercuisse
630 1561 849 1636 meminerant,
864 1554 868 1558 ’
882 1580 938 1622 nec
965 1581 1063 1641 poena
1091 1559 1226 1622 criminis

190 1667 245 1732 sed
264 1667 347 1730 ultor
369 1667 561 1750 displicebat.
850 1743 851 1746 Ἴ
896 1743 897 1748 ¹

129 1789 174 1869 11
271 1777 366 1840 Laeta
387 1779 512 1862 interim
533 1775 817 1866 Othooiprineipia
840 1773 937 1856 belli,
959 1776 1049 1838 motis
1069 1773 1109 1838 ad
1130 1775 1224 1858 irnpe-

179 2055 362 2113 ‘Bodleianus
389 2083 425 2098 -
451 2055 536 2127 Quod
561 2059 592 2109 io
625 2057 705 2110 GMa
731 2059 869 2112 retinebat
896 2073 946 2126 pro
984 2055 1172 2118 retinebatur,
1192 2055 1222 2105 id

186 2165 244 2202 ooo
269 2150 340 2200 tanti
365 2151 496 2198 momenti
521 2153 575 2211 est,
608 2151 705 2218 quanti
730 2149 873 2202 nonnullis
890 2141 1024 2200 videaturss
1059 2149 1223 2202 Namtertia

187 2240 295 2311 passiva
312 2247 341 2290 et
357 2237 440 2290 tertia
460 2237 548 2288 activa
569 2242 702 2291 secenties
721 2241 750 2290 in
768 2240 846 2290 libris
863 2244 1069 2305 permutantur,
1089 2241 1154 2309 quia
1169 2259 1223 2296 una

188 2335 224 2387 ab
238 2336 325 2386 altera
334 2348 390 2384 non
402 2331 455 2384 nisi
465 2329 547 2400 paulo
560 2339 698 2382 momento
713 2331 842 2398 distingui
853 2332 930 2384 solet.
949 2334 1087 2386 lacereris
1096 2333 1221 2392 dubitavi

186 2431 344 2503 paulisper,
367 2435 456 2480 utrum
472 2423 513 2478 ¹ad
527 2421 601 2479 dune
622 2435 752 2478 terrorem
771 2441 829 2476 cum
850 2425 870 2480 l.
902 2426 943 2478 Fr,
962 2424 1109 2492 Graeceio,
1127 2446 1163 2484 an
1184 2433 1222 2486 ad
1289 2436 1294 2447 “

170 2526 238 2580 ·lroc
250 2525 437 2581 terraticum
448 2522 578 2574 Rhenano
596 2528 625 2574 et
643 2537 698 2574 uno
709 2521 800 2575 codice
810 2521 910 2576 darem.
934 2524 1033 2580 Forma
1046 2538 1179 2580 terrorem
1189 2529 1218 2580 in

186 2623 302 2676 terroris
319 2621 412 2689 potuit
428 2618 583 2688 corrumpi,
606 2633 666 2669 cum
685 2617 812 2690 librarius
841 2618 912 2672 hanc
936 2633 1030 2674 vocem
1061 2622 1183 2692 pendere
1203 2618 1252 2684 ιζ
1287 2653 1292 2664 -

184 2716 299 2788 propria
319 2717 352 2768 vi
369 2714 544 2783 opinaretur:
574 2713 621 2766 sed
645 2710 675 2764 id
703 2712 813 2783 quidem
838 2731 895 2768 noo
924 2721 980 2768 tam
1007 2723 1049 2768 est
1071 2717 1218 2772 verisimile

186 2813 266 2883 qua'm
295 2809 345 2864 hoe
364 2811 393 2860 in
411 2809 484 2862 hunc
502 2814 693 2863 commutatum
714 2823 785 2873 esse,
811 2809 868 2862 sire
886 2811 1018 2874 consilio,
1045 2817 1125 2865 uteo
1153 2829 1218 2884 pro-

6 2911 7 2914 ’
89 2927 93 2948 ε
185 2905 297 2956 nomine
315 2901 551 2954 AnniusFaustos
572 2901 776 2970 designaretur,
806 2903 861 2954 sive
878 2903 964 2968 forte,
997 2920 1058 2958 cum
1084 2907 1137 2960 hdo
1160 2911 1217 2964 sive

185 2993 239 3048 hic
258 2993 301 3062 (h.
321 3013 344 3048 e.
365 2995 436 3048 hone
453 2994 508 3047 sive
526 2993 608 3066 hunc)
627 2997 657 3046 in
672 2995 819 3064 exemplari
837 2997 967 3066 scriptum
998 3014 1057 3052 esse
1086 3001 1215 3054 librarius

186 3097 304 3159 putaret.
339 3087 495 3142 Waltherus
516 3106 549 3141 ex
567 3088 694 3142 adhunc
714 3089 779 3140 feeit
796 3087 886 3143 adhue
905 3095 933 3142 et
952 3091 1060 3161 scripsit
1076 3084 1215 3162 infirmem

185 3199 237 3239 aut
253 3184 378 3240 validum
397 3185 532 3240 retinebat
548 3184 637 3238 adhuc
654 3186 788 3241 terroris:
805 3197 831 3239 et
847 3185 965 3256 proprie
994 3189 1034 3240 vi.
1070 3187 1124 3242 Sed
1149 3192 1216 3242 reti·

184 3282 399 3336 nebatterroris
419 3299 434 3332 a
452 3262 598 3332 latinitate
628 3280 747 3332 alienum
771 3288 825 3345 est,
858 3299 1014 3354 quanquam
1041 3283 1214 3354 participium

184 3379 308 3432 retinens
324 3363 398 3445 haud
414 3393 473 3429 raro
491 3393 550 3428 oum
570 3376 689 3444 genitivo
707 3375 750 3446 (eo
769 3383 896 3446 provocat
905 3379 1072 3448 Waltlrerus)
1082 3379 1215 3448 iungitur,
1234 3439 1237 3445 ,
1316 3389 1320 3394 '

185 3485 217 3528 ut
233 3475 264 3526 A.
282 3473 318 3536 ΙΙ,
336 3475 377 3526 38.
394 3473 428 3535 V,
454 3489 491 3524 ιι.
510 3470 580 3533 xvi,
598 3471 624 3528 5.
658 3471 724 3524 Nam
744 3471 858 3550 dicimus
879 3476 959 3528 etiam
976 3472 1089 3526 virtutis
1107 3491 1213 3540 amans,

184 3587 235 3626 nec
251 3577 343 3622 tamen
361 3569 477 3622 virtutis
494 3583 587 3622 entare
605 3567 671 3619 licet
691 3567 790 3622 dicere.
824 3569 881 3623 Nec
894 3586 958 3624 vero
969 3567 1085 3639 quodi.
1103 3570 1159 3636 xv,
1171 3576 1211 3648 53·

183 3683 214 3722 ut
233 3669 348 3741 quisque
368 3663 516 3721 audentiae
534 3663 670 3742 habuisset
686 3664 796 3718 'l'aeitus
813 3665 932 3722 scribere
950 3652 1107 3734 susus'est,
1135 3670 1212 3722 loeu-

182 3767 286 3818 tionem
306 3761 427 3818 retinere
443 3758 558 3810 terroris
577 3755 728 3826 adprobare
747 3766 854 3826 potest:
873 3757 926 3810 hoe
944 3759 1016 3810 enim
1036 3759 1094 3815 loco
1114 3763 1136 3812 sl
1157 3761 1212 3811 Ta-

183 3860 253 3912 citus
271 3859 369 3911 tabere
388 3871 437 3926 pro
455 3855 558 3907 Graeco
576 3853 706 3924 μετέχειν
723 3851 921 3906 admittendum
941 3855 1061 3923 putavit,
1092 3871 1148 3906 noo
1172 3862 1224 3908 est'

184 3953 379 4004 consectarium
398 3948 514 4002 eundem
534 3949 588 4002 elio
607 3948 668 4004 loto
688 3949 837 4022 genitivum
854 3949 1012 4020 partitivum
1025 3947 1212 4006 Laumshaod

119 4058 122 4064 ·
186 4059 340 4098 concessum
357 4041 508 4098 adsciscere
525 4040 653 4102 voluisse.
1205 4049 1210 4063 '
1246 4039 1260 4046 “
