2866 4720
226 381 285 450 ist
380 441 389 467 ,
593 377 879 454 utsrosuauu

66 578 97 648 (a
117 575 144 630 c.
157 577 210 648 69.)
224 563 344 624 Primus
379 561 531 622 Antonius
565 581 759 643 nequaquam
783 561 849 642 pari
877 558 1052 618 innocentia
1084 569 1153 640 post
1185 559 1258 624 Cre·

224 691 347 732 monam
367 668 496 763 agebat,
516 667 702 753 satisfactum
721 664 802 728 bello
822 676 907 727 ratus
926 675 959 728 et
977 675 1078 726 cetera
1099 687 1134 726 ex
1165 667 1258 747 facili,

223 799 275 842 seu
297 775 423 838 felicitas
443 777 474 834 iu
496 773 550 834 tali
571 773 694 856 ingenio
718 773 877 836 avaritiam
901 771 1074 854 superbiam
1096 781 1258 856 ceteraque

223 883 342 946 occulta
363 881 444 941 mala
465 866 620 963 patefecit.
664 881 710 942 Ut
730 891 850 970 captam
870 878 988 942 Italiam
1008 879 1198 962 persultare,
1224 893 1258 944 ut

1420 1816 1425 1923 l

223 1013 292 1054 suas
313 988 445 1072 legiones
465 990 579 1066 colere,
600 988 740 1048 omuibus
764 985 853 1048 dictis
872 987 1121 1072 lectisque'viam
1140 989 1199 1050 sibi
1216 989 1285 1058 ad5

221 1099 389 1181 potentiam
402 1107 527 1162 struere.
569 1095 678 1178 thue
692 1093 817 1156 licentia
837 1095 964 1158 militem
986 1095 1148 1176 imbueret,
1160 1096 1256 1160 iuter-

220 1207 371 1268 tectorum
399 1207 614 1268 centurionum
648 1203 770 1264 ordines
800 1202 970 1287 legionibus
1003 1205 1158 1268 offerebat.
1207 1205 1255 1266 Eo

195 1299 197 1302 ⁵
220 1313 363 1398 suffragio
384 1314 608 1375 turbidissimus
628 1315 755 1396 quisque
775 1311 902 1390 delecti,
930 1337 986 1376 nec
1008 1313 1094 1377 miles
1117 1315 1148 1374 in
1170 1313 1256 1375 arbi·

220 1423 283 1482 trio
297 1421 422 1500 ducum,
441 1420 492 1482 sed
512 1419 604 1480 duces
616 1417 738 1478 militari
752 1419 898 1480 violentia
910 1421 1125 1482 trahebantur.
1168 1423 1256 1500 Quae

219 1527 359 1591 seditiosa
380 1537 410 1588 et
431 1523 677 1606 corrumpendae
698 1524 876 1606 disciplinae
896 1546 966 1588 mox
980 1527 1011 1586 iu
1026 1525 1173 1608 praedam
1185 1547 1256 1588 ver·
1268 1541 1304 1585 to

217 1637 317 1716 tebat,
341 1633 417 1696 nihil
440 1633 652 1696 adventantem
673 1634 851 1694 Mucianum
875 1633 1014 1712 veritus3
1043 1633 1127 1716 quod
1147 1634 1256 1696 exitio·

217 1747 279 1807 sius
312 1756 377 1806 erat
399 1763 490 1826 quam
511 1743 727 1824 Vespasianum
749 1742 911 1825 sprevisse.
954 1742 1098 1804 Ceterum
1124 1730 1319 1824 propin-50

218 1875 279 1936 qua
299 1852 397 1916 hierna
416 1863 446 1912 et
465 1849 663 1912 humentibus
682 1849 771 1912 Pado
793 1851 908 1932 campis
942 1849 1117 1932 expeditum
1147 1870 1254 1932 agmen

216 1955 368 2022 incedere.
411 1959 500 2042 Signa
522 1957 701 2041 aquilaeque
722 1956 900 2017 victricium
936 1954 1114 2038 legionum,
1146 1958 1256 2020 milites

216 2067 392 2130 volneribus
415 2077 467 2127 aut
489 2077 587 2126 aetate
608 2083 735 2149 graves,
762 2047 902 2144 plerique
925 2065 1019 2126 etiarn
1039 2065 1169 2148 integri,
1191 2058 1305 2126 tte-15

216 2195 310 2236 rouae
340 2174 461 2236 relicti:
497 2171 636 2234 sufficere
665 2168 809 2230 cohortes
836 2170 965 2254 alaeque
998 2183 1028 2234 et
1048 2194 1066 2234 e
1087 2170 1253 2254 legionibus

217 2281 286 2343 lecti
307 2281 466 2366 profligato
488 2283 548 2341 iam
566 2277 648 2340 bello
669 2277 861 2340 videbantur.
905 2279 1076 2342 Undecima
1096 2279 1255 2362 legionesa

217 2386 412 2459 adiunxerat,
447 2385 534 2446 initio
567 2395 733 2460 cunctata,
769 2385 821 2447 sed
851 2385 1006 2467 prosperis
1039 2386 1131 2448 rebus
1167 2387 1254 2447 anxia

200 2491 303 2573 -quod
324 2491 475 2552 defuisset.
520 2491 576 2550 Sex
601 2491 684 2550 utilia
712 2491 945 2564 Dalmatarum,
971 2510 1075 2552 recem
1105 2491 1253 2570 delectus,

219 2596 455 2660 comitabantur.
512 2593 652 2654 Ducebat
685 2593 850 2675 Pompeius
884 2590 1027 2656 Silvanus
1064 2594 1304 2668 consularis220

218 2706 265 2767 vis
292 2695 484 2764 consiliorum
515 2721 607 2782 penes
629 2699 763 2760 Annium
794 2701 919 2761 Bassum
947 2695 1076 2778 legionis
1109 2699 1252 2784 legatum.

219 2812 257 2883 ts
271 2799 427 2882 Silvanum
448 2807 603 2870 socordem
625 2805 705 2869 bello
727 2816 758 2868 et
779 2805 842 2866 dies
858 2825 960 2866 rerum
980 2805 1086 2870 verbis
1107 2818 1255 2876 terentem

218 2907 315 2998 specie
334 2916 474 3000 obsequii
495 2914 639 2998 regebat,
671 2913 710 2975 ad
732 2913 898 2996 omniaque
916 2935 996 3000 quac
1013 2917 1129 3000 agenda
1151 2921 1255 2984 forent

220 3025 323 3110 quieta
349 3045 419 3086 curu
451 3023 602 3085 industria
629 3023 748 3087 ederat.
792 3021 840 3084 Ad
869 3021 923 3086 has
951 3027 1092 3107 copiase
1123 3027 1253 3091 classicis

219 3133 448 3196 Rauennatibus
460 3133 656 3214 legionariam
671 3129 810 3193 militiam
821 3133 1016 3212 poscentibus
1030 3135 1161 3217 optimus
1171 3134 1253 3219 quis·
1265 3127 1304 3192 25

221 3263 281 3324 que
303 3241 423 3302 adsciti:
458 3239 582 3302 classem
602 3239 762 3300 Dalmatae
782 3241 970 3322 supplevere.
1010 3241 1171 3304 Exercitus
1193 3243 1253 3304 du-

219 3368 327 3432 cesque
348 3347 386 3408 ad
410 3346 529 3410 Fanum
549 3347 787 3410 Fortuneejter
803 3349 930 3426 sistunt,
953 3347 991 3410 de
1012 3369 1128 3412 summe
1150 3369 1254 3410 rerum

221 3463 415 3533 cunctantes,
447 3453 531 3536 quod
558 3465 654 3514 motas
675 3475 709 3513 ex
729 3455 806 3516 urbe
826 3458 993 3538 praetorias
1023 3453 1166 3517 cobortes
1197 3477 1253 3516 au·
1293 3480 1320 3531 gg

219 3559 350 3640 dietant,
371 3569 401 3620 et
418 3559 514 3622 teneri
535 3559 692 3640 praesidiis
707 3561 902 3642 Apenninum
916 3561 1073 3624 rebantur.
1113 3563 1155 3623 Et
1172 3561 1253 3646 ipsos
1272 3641 1274 3644 Ι

115 3651 124 3670 ’
158 3651 161 3659 ’
219 3665 252 3724 in
274 3667 396 3749 regione
415 3665 498 3728 bello
519 3663 630 3728 adtrita
652 3667 754 3749 iuopia
776 3679 806 3760 et
827 3669 985 3730 seditiosae
1005 3668 1135 3732 militum
1160 3693 1251 3738 voces
1266 3671 1304 3732 so

217 3821 463 3838 μη-α-ι-ι--ι-

307 3912 426 3964 5.·oiam
445 3911 571 3983 bipsiuss
592 3912 699 3966 codices
714 3911 781 3968 vim.

289 4008 330 4064 ai·
351 4004 390 4062 ad
405 4005 481 4060 deest
497 4006 550 4066 Mi.
586 4009 658 4062 Dein
681 4010 721 4064 ao.
741 4007 853 4076 regione
871 4005 992 4078 Lipsius:
1015 4009 1080 4085 libri
1098 4014 1230 4085 taglam:
