2912 4730
476 445 576 532 ιιι.
606 469 664 530 ιιι.
689 467 783 530 cnr.
807 469 945 536 ιι-ιι.
1168 465 1227 534 mo

201 643 379 726 terrebant,
414 646 585 736 clavarium
614 646 762 729 (donativi
790 667 904 709 nornen
934 651 988 724 eat)
1016 642 1229 730 flagitantium.
1244 645 1271 719 (a
1287 641 1317 699 C.
1334 642 1389 720 aa)

201 757 266 820 Nec
293 757 530 840 pecnniamaut
554 755 744 818 frumentum
775 753 995 838 provideraut;
1025 763 1058 816 et
1085 750 1235 814 festinatio
1289 755 1291 758 ’

203 874 295 948 atque
321 864 450 926 aviditas
477 863 749 948 praepediebant,·
768 862 842 946 dum
862 884 943 944 qnae
969 863 1067 944 accipi
1095 869 1238 944 poteraut

139 950 187 1031 5i
203 971 372 1053 rapiuntur.
417 973 638 1034 Celeberrimos
659 980 797 1032 auctores
818 969 918 1030 habeo
934 957 1052 1036 tantem
1073 963 1238 1030 victoribus

175 1073 349 1142 dadversus
371 1077 418 1138 fas
450 1077 595 1160 nefasque
625 1075 859 1137 irreverentiam
883 1074 991 1152 fuisse,
1024 1085 1059 1138 nt
1086 1071 1241 1155 gregarius

202 1204 297 1268 eques
318 1185 450 1244 occisum
465 1205 525 1245 ase
543 1183 682 1264 proxima
703 1179 768 1240 aeia
776 1180 902 1240 fratrem
915 1179 1064 1261 professas
1074 1180 1241 1260 praemium

203 1292 374 1354 aedacibus
394 1291 525 1374 petierit.
566 1289 630 1350 Neo
647 1285 706 1352 illis
725 1297 778 1346 aut
799 1285 952 1348 honorare
972 1304 1040 1348 eam
1059 1285 1182 1350 caedem
1196 1284 1242 1346 ius

203 1399 365 1462 hominum
395 1409 449 1458 aut
468 1395 572 1458 ulcisci
593 1395 672 1454 ratio
703 1393 776 1454 belli
805 1393 1012 1476 permittebat.
1053 1393 1242 1456 Distulerant
1338 1418 1342 1428 =

124 1583 127 1586 ἱ
202 1517 349 1588 tanquam
368 1503 485 1564 maiora
505 1499 650 1560 meritum
667 1517 759 1582 quam
773 1519 851 1581 quae
873 1501 973 1560 statim
985 1501 1241 1581 ‘exsolverentur3

111 1633 114 1643 ··
158 1626 262 1673 tuneo
282 1615 444 1696 quiequam
467 1607 548 1671 ultra
562 1607 709 1670 traditur.
728 1678 731 1692 Α
751 1607 894 1670 Ceterum
917 1609 1108 1691 etpuioribus
1128 1609 1242 1670 civium

202 1717 289 1798 bellis
309 1739 364 1800 par
384 1715 481 1778 scelus
502 1714 660 1776 inciderat.
684 1716 780 1776 Nam
801 1713 1029 1800 praelio,'qno
1055 1717 1138 1800 apud
1159 1717 1241 1778 lani-

206 1825 307 1888 culum
330 1826 473 1887 adversns
495 1823 625 1884 Cinnam
643 1831 812 1904 pugnatum
832 1834 897 1906 est,
929 1823 1131 1908 Pompeianus
1158 1822 1243 1886 niter

206 1932 328 1993 fratrem
349 1949 455 2006 suum,
485 1927 561 1992 dein,
580 1929 701 2009 cognito
730 1927 865 1988 facinore
892 1949 923 1989 se
952 1929 1050 2010 ipsum
1077 1931 1242 2004 interfecit,

207 2047 243 2098 ut
265 2037 391 2097 Sisenna
412 2043 572 2095 memorat.
612 2034 717 2094 Tanto
739 2035 841 2118 aerior
872 2035 953 2116 apud
980 2039 1133 2116 maiorer,
1166 2039 1245 2126 sicut

159 2141 371 2206 15virtutibns
392 2139 512 2222 gloria,
544 2141 587 2198 ita
617 2140 739 2224 flagitiis
769 2143 951 2224 paenitentia
981 2143 1045 2202 fuit.
1088 2143 1148 2204 Sed
1170 2144 1244 2208 haec

208 2246 329 2328 aliaque
348 2267 384 2308 ex
403 2244 501 2306 veteri
531 2250 679 2316 memoria
716 2252 827 2330 petita,
858 2247 997 2329 quotiens
1023 2269 1071 2310 res
1102 2248 1245 2332 looueqne
1279 2276 1287 2286 “

97 2338 112 2409 5
210 2351 344 2436 exempla
365 2353 441 2418 recti
463 2363 516 2414 aut
537 2354 643 2414 solatia
663 2353 734 2438 mali
759 2364 885 2438 poscet,
915 2354 998 2418 haud
1027 2357 1157 2420 absurde
1181 2378 1245 2420 me·

143 2449 200 2534 52
211 2464 410 2526 inarabimus.
454 2463 594 2524 lintanio
618 2463 808 2550 ducibusque
826 2463 963 2547 partium
984 2444 1137 2548 praemitti
1159 2465 1246 2546 equi-

209 2583 256 2632 tes
278 2589 458 2650 omnemque
478 2567 644 2646 Umbriam
658 2569 814 2650 explorari·
828 2567 956 2652 placuit,
977 2571 1001 2631 si
1021 2591 1080 2653 qua
1092 2571 1245 2654 Apennini

158 2681 280 2762 aoiuga
302 2676 477 2739 clementius
490 2675 677 2768 qdireut11r3
698 2678 792 2736 acciri
815 2676 933 2760 aquilas
943 2679 1087 2761 signaque
1109 2691 1138 2742 et
1158 2681 1246 2762 qnie-

211 2785 285 2868 quid
305 2785 449 2870 Veronae
466 2773 599 2856 militam
618 2782 713 2862 foret,
736 2783 914 2868 Padumque
935 2795 964 2847 et
985 2807 1072 2848 mare
1090 2807 1245 2864 coprmea-

210 2891 293 2952 tibus
315 2890 471 2974 compleri.
512 2891 611 2950 Erant
628 2891 709 2961 inter
733 2890 825 2953 duces
845 2892 899 2973 qui
931 2903 1088 2955 necterent
1117 2915 1243 2958 morast

211 3000 328 3083 quippe
350 2997 460 3058 nimius
481 2997 539 3057 iam
561 2997 736 3074 Antonius,
759 3010 790 3060 et
811 3001 993 3078 certiorarer
1014 3001 1156 3062 Muciano
1176 3023 1245 3084 spe·

214 3105 370 3166 rebantur.
412 3107 549 3186 Namque
568 3105 728 3166 Mucianus
760 3116 821 3168 tam
845 3105 939 3168 celeri
969 3107 1097 3168 victoria
1128 3110 1260 3187 anxiuss
1301 3178 1304 3183 ,

159 3215 201 3278 25
214 3207 243 3274 ct
264 3211 296 3272 ui
312 3232 454 3296 praesens
474 3210 551 3272 urbe
570 3213 737 3292 potiretur,
766 3223 917 3294 expertem
931 3233 962 3280 se
977 3213 1050 3274 belli
1071 3213 1244 3297 gloriaeque

97 3331 100 3338 '
164 3294 170 3308 „
213 3332 315 3396 ratus,
338 3321 377 3382 ad
400 3321 539 3385 Primum
561 3329 592 3382 et
618 3321 733 3380 Varum
756 3323 855 3384 media
887 3297 1075 3409 scriptitabat
1086 3367 1100 3400 ,s
1130 3321 1259 3384 instau-¹

213 3431 287 3490 dum
308 3430 424 3511 coeptis
444 3441 496 3510 aut
511 3447 616 3490 rursus
631 3429 792 3490 cunctandi
802 3429 946 3492 utilitates
969 3431 1267 3512 edisserenaatque*

213 3539 465 3618 imcompositos
488 3545 577 3596 ntex
600 3545 711 3596 eventu
738 3557 841 3611 rernm
866 3538 990 3599 adversa
1018 3535 1166 3599 abnueret
1194 3536 1244 3600 vel

213 3665 357 3728 prospera
375 3655 558 3724 agnosceret.
603 3642 734 3702 Plotium
746 3644 895 3726 Griphum
917 3661 1012 3724 nuper
1031 3643 1258 3728 aVespasieao

98 3763 102 3769 “
163 3742 204 3803 50
216 3751 245 3810 in
267 3755 453 3814 senatorium
465 3749 607 3825 ordinem
625 3749 760 3810 additum
772 3771 806 3812 ac
820 3749 930 3834 legioni
943 3751 1148 3834 praepositum
1164 3763 1243 3814 cete·
1299 3819 1301 3826 ¹

301 3990 327 4039 9.
346 3989 427 4046 quam
445 3969 526 4042 quae]
547 3971 589 4054 Ma
610 3988 792 4044 quamquam,
810 3977 838 4022 et
859 3987 896 4044 ¹9:
915 3931 1062 4026 cirizdriam.

290 4066 329 4116 28.
352 4081 385 4116 ex
401 4078 485 4117 ventu
500 4064 551 4129 Ma,
570 4073 597 4118 et
614 4084 639 4134 p.
659 4069 716 4128 166,
731 4084 750 4118 ι.
771 4065 863 4134 hique,
886 4075 913 4117 et
931 4085 957 4136 p.
974 4070 1027 4123 166,
1036 4069 1059 4116 ti.
1081 4065 1243 4118 eviluissint.
