2886 4726
229 411 290 481 946
609 399 900 466 HISTORIARUM

29 631 38 643 ·
68 585 94 652 (¹
109 583 138 636 C·
158 583 212 652 7⁰·)
228 593 386 675 quotiaco,
417 587 558 670 Bingium
583 583 748 660 concessit,
779 581 876 642 fidens
906 579 989 654 loco,
1023 583 1093 662 quia
1124 593 1253 660 pontem

226 699 329 760 Navae
354 696 487 760 fluminis
512 694 687 774 abruperat.
730 690 791 752 Sed
822 690 946 750 incursu
978 687 1146 747 cohortium
1180 711 1253 770 quus

197 833 204 850 i
226 805 367 866 Sextilius
385 804 514 864 ducebat
541 813 572 862 et
591 810 718 882 reperto
747 799 826 860 vado
853 793 992 880 proditus
1016 796 1169 876 lususque.
1208 799 1253 860 Ea

228 912 313 974 clade
333 910 465 993 perculsi
484 909 630 984 Treveri,
653 918 683 968 et
702 905 804 988 plebes
824 906 939 965 omissis
959 903 1049 963 armis
1081 925 1135 990 per
1166 925 1257 985 agros

227 1017 365 1100 palatnrr
387 1017 508 1098 quidam
531 1014 720 1096 principum,
756 1023 790 1072 ut
810 1012 902 1092 primi
924 1011 1054 1090 posuisse
1075 1009 1186 1070 bellum
1206 1013 1287 1076 rii-5

228 1124 384 1202 darentur,
405 1127 436 1183 in
459 1123 596 1184 civitates
612 1143 692 1203 quae
709 1120 1072 1208 societatem-Romanam
1090 1139 1152 1178 non
1165 1139 1257 1180 exue·

228 1244 299 1292 rant
320 1231 487 1313 perfugere.
529 1230 673 1310 Legiones
693 1225 853 1286 aNovesio
863 1226 1031 1306 Bonnaque
1048 1224 1080 1282 in
1092 1225 1253 1302 Treveros,

231 1348 264 1398 ut
285 1360 374 1420 supra
394 1337 651 1413 memoravimus,
674 1333 833 1394 traductae
851 1354 884 1392 se
913 1335 1008 1413 ipsae⁴
1030 1331 1060 1390 in
1079 1333 1172 1394 verba
1194 1335 1255 1394 Ve-

231 1444 357 1525 spasiani
380 1444 515 1527 adigunt.
558 1443 641 1502 Haec
661 1441 827 1502 Valentino
849 1441 977 1500 absente
995 1451 1096 1522 gesta3
1132 1445 1183 1522 qui
1203 1443 1255 1502 ubi

231 1550 417 1614 adventabat
436 1551 539 1610 furens
560 1560 729 1630 cunctaque
748 1569 855 1608 rursus
876 1548 908 1606 in
929 1549 1038 1608 turbas·
1057 1561 1087 1608 et
1109 1549 1255 1610 excidium
1270 1569 1306 1608 ro

232 1676 454 1734 conversurus,
474 1655 606 1736 legiones
627 1655 658 1714 in
680 1653 945 1734 Mediomatricos,
975 1651 1085 1716 sociam
1108 1659 1255 1717 civitatem

225 1763 410 1826 abscessere.
454 1747 635 1822 Valentinus
655 1767 693 1823 ac'
709 1761 807 1822 Tutor
825 1761 855 1820 in
879 1781 962 1820 arma
983 1761 1132 1822 Treveros
1160 1771 1258 1822 retre-

232 1851 328 1945 hunt,
347 1867 454 1928 occisis
475 1868 632 1930 Herennio
650 1891 685 1930 ac
707 1863 840 1931 Numisio
863 1867 976 1950 legatis,
999 1889 1060 1950 quo
1080 1871 1197 1932 minore
1206 1891 1259 1952 spe

234 1974 342 2035 veniae
363 1964 514 2035 cresceret
532 1973 688 2035 vinculum
709 1975 842 2036 sceleris.

245 2133 249 2141 ,
285 2088 289 2112 ”
317 2082 375 2143 Hic
394 2081 465 2141 belli
483 2092 577 2141 status
596 2094 680 2157 erat,
703 2105 773 2140 cum
797 2072 922 2144 Petilius
941 2081 1069 2144 Cerialis
1089 2067 1319 2163 Magantia-li

232 2207 304 2250 cnm
322 2191 417 2250 venit.
459 2188 534 2250 Eius
552 2187 692 2264 adventu
715 2199 832 2250 erectae
857 2210 934 2272 spes.
966 2181 1043 2269 'lpse
1061 2203 1178 2270 pugnae
1198 2191 1261 2250 avi·

167 2377 169 2382 ¹
234 2295 292 2357 dus
312 2309 342 2358 et
361 2296 584 2360 contemnendis
606 2319 695 2378 qnam
717 2297 856 2358 cavendis
876 2297 1012 2358 hostibus
1024 2299 1132 2358 melior
1152 2297 1261 2357 ferocia

234 2401 398 2462 verborum
418 2403 544 2463 militem
566 2402 756 2478 incendebat,
778 2403 833 2462 ubi
852 2405 982 2484 primum
996 2405 1140 2486 congredi
1163 2404 1261 2464 licuis-

235 2518 289 2585 set,
311 2507 426 2568 nullam
449 2507 563 2587 praelio
583 2528 698 2568 moram
717 2508 862 2573 facturus.
903 2509 1043 2569 Deiectus
1063 2531 1116 2590 per
1132 2509 1260 2568 Galliam

235 2613 358 2674 habitos
380 2615 410 2672 iu
431 2613 565 2673 civitates
587 2615 715 2673 remittit
736 2635 771 2672 ac
793 2603 933 2674 nuntiare
949 2617 1033 2677 iubet
1053 2615 1189 2677 sufficere
1203 2617 1311 2680 im-nn

192 2746 194 2751 ·
235 2722 321 2802 perio
342 2719 491 2799 legiones:
514 2718 585 2777 socii
609 2719 647 2778 ad
669 2720 771 2778 munia
791 2720 873 2800 pacis
898 2713 1042 2798 redirent,
1065 2725 1164 2786 securi
1179 2723 1262 2784 velut

237 2825 374 2884 consecto
393 2823 490 2900 bello,
515 2823 598 2904 quod
621 2825 776 2884 Romanae
799 2800 905 2888 manus
935 2832 1127 2912 excepissent.
1169 2829 1263 2891 Auxit

236 2953 272 2992 ea
297 2953 346 2991 res
364 2930 521 2991 Gallorum
544 2931 743 3014 obsequium:
776 2956 846 2995 narn
865 2951 985 3020 recepta
1007 2941 1163 3001 iuventute
1187 2938 1263 2996 faci·

238 3035 297 3098 lius
317 3038 431 3098 tributa
451 3038 636 3117 toleravere,
660 3040 816 3120 proniores
835 3045 873 3103 ad
895 3045 1008 3123 officia,
1030 3047 1114 3128 quod
1137 3067 1261 3127 sperne.

239 3147 365 3220 bantur.
405 3146 446 3208 At
469 3147 576 3208 Civilis
598 3159 628 3210 et
640 3147 787 3210 Classicus
808 3151 860 3210 ubi
879 3152 997 3233 pulsum
1020 3157 1178 3230 Tutorem,
1192 3155 1309 3220 cae-25

238 3273 287 3314 sos
307 3255 477 3334 Tre-veros,
500 3266 609 3315 cuncta
630 3255 764 3318 hostibus
784 3239 926 3341 prospera
952 3281 1114 3342 accepere,
1152 3263 1262 3344 trepidi

240 3382 275 3421 ac
297 3371 512 3444 properantes,
542 3361 615 3422 dum
637 3363 785 3446 dispersas
807 3389 929 3428 suorum
951 3369 1055 3452 copias
1076 3341 1262 3451 conducunt,

243 3475 488 3492 M.-

327 3525 353 3586 2ss
370 3537 464 3590 Navae
483 3535 639 3588 Rhenanus:
664 3539 740 3615 lilda
760 3543 862 3594 Nasus.

330 3643 354 3695 7.
373 3626 417 3680 Ma
434 3613 609 3700 perfiegerant
627 3619 766 3702 expunctis
783 3635 882 3688 litteris
899 3643 1034 3698 extremis.
1059 3639 1123 3692 Mox
1140 3620 1166 3710 Β.
1187 3639 1263 3709 ipsae

245 3717 397 3771 Ernestius:
419 3725 542 3796 plerique
561 3723 640 3789 ipsas.

317 3831 354 3880 ¹9·
369 3811 489 3882 facturis
509 3817 559 3880 Ma,
578 3829 604 3901 ct
623 3837 663 3873 aa.
683 3825 755 3876 ausit
774 3841 821 3894 pro
841 3829 927 3888 aurit,
942 3839 968 3881 et
986 3845 1011 3897 p.
1027 3829 1086 3898 alp,
1103 3829 1130 3893 ti.
1154 3847 1265 3898 mogon-

246 3909 329 3968 tiaci,
349 3914 392 3971 et,
414 3911 436 3962 ri
456 3910 574 3966 Victoria
594 3915 674 3980 sides,
702 3925 763 3981 apte
789 3921 828 3988 (c.
850 3939 888 3989 7¹·
910 3923 986 3985 init.)
1004 3923 1209 3992 Mogontiacum
1238 3929 1265 3973 et

246 4017 267 4051 r.
287 4017 328 4070 70.
343 4006 525 4074 Mogontiaco.
1045 4008 1048 4012 ’
