2890 4728
226 415 320 498 rto)
388 431 390 438 v
590 407 879 470 ursroumunu

60 607 87 665 (a
100 601 128 656 C.
148 617 188 668 5⁰·
203 605 274 670 )res
294 599 347 654 aut
369 587 599 674 ignominiosum
618 587 698 668 npnd
721 597 859 667 posteros
879 586 951 652 sore.
994 582 1057 644 Ubi
1068 601 1143 646 senc
1153 601 1256 644 armo-

227 693 305 762 rum¹
319 699 520 781 tripudiisque
539 698 593 772 (ite
613 695 673 756 illis
696 699 771 768 snos)
793 694 956 774 adprobata
980 702 1052 754 sunt
1068 690 1159 768 diets,
1182 694 1258 754 saxis

230 804 452 887 glandibusque
474 814 503 864 et
522 801 628 862 ceteris
641 801 800 861 missilibus
814 799 962 881 praelium
983 797 1139 878 incipitur,
1164 820 1259 881 neque

150 907 153 914 '
229 922 332 974 nostro
353 910 449 972 milite
469 910 608 992 paludem
630 908 836 989 ingrediente,
867 918 898 969 et
921 907 1080 968 Germanis
1111 916 1145 965 nt
1167 905 1259 968 elice.

154 1057 156 1062 ·
228 1031 295 1082 rent
316 1019 540 1080 lacessentibus.
581 1014 760 1096 Absumptis
780 1035 856 1096 quae
868 1013 1021 1076 iaciuntur
1041 1024 1071 1074 et
1084 1013 1258 1076 ardescente
1271 1005 1325 1086 18

228 1151 327 1210 pugna
340 1148 524 1210 procursum
544 1124 583 1184 ah
599 1123 687 1186 hoste
707 1123 859 1208 ins-estius.
902 1123 1056 1184 Immensis
1077 1123 1257 1203 corporibus

82 1222 88 1234 ’
194 1301 198 1306 ,
228 1249 258 1298 et
281 1237 447 1318 praelongis
469 1235 562 1296 hastis
585 1231 753 1294 fluitantem
767 1232 980 1312 labantemque
1001 1227 1128 1288 militem
1142 1231 1257 1294 eminus

228 1345 401 1420 fodiebant3
424 1341 514 1404 simul
535 1339 671 1418 emole,
693 1360 783 1421 quam
805 1339 945 1398 eductam
976 1339 1007 1398 in
1030 1335 1171 1418 Rhenum
1196 1348 1256 1398 ret·

227 1451 374 1525 tulimus,
397 1449 617 1508 Bructerorum
639 1465 753 1506 cuneus
772 1445 949 1506 renatavit.
993 1443 1127 1504 Turbata
1150 1444 1192 1504 ibi
1209 1466 1256 1506 res

227 1567 258 1618 et
278 1555 444 1637 pellebatur
465 1553 617 1616 sociarum
635 1553 807 1614 cohortium
826 1552 924 1627 acies,
952 1573 1022 1614 cum
1039 1549 1181 1635 'legiones
1199 1575 1307 1634 pu-*ro

227 1684 316 1745 gnam
346 1664 515 1744 excipiunt,
548 1681 767 1744 suppressaque
796 1661 928 1722 hostiurn
965 1661 1080 1734 ferocia
1110 1662 1254 1742 praelium

228 1779 387 1852 aequatur.
430 1769 512 1826 lnter
530 1787 608 1847 quse
628 1766 754 1848 perfuga
769 1765 898 1826 Batavus
919 1765 995 1846 adiit
1005 1764 1162 1842 Cerialem,
1171 1776 1255 1848 terga
1362 1825 1364 1833 s

226 1877 358 1938 hostium
378 1875 572 1958 promittens,
598 1876 623 1936 si
642 1885 779 1936 extremo
799 1871 915 1954 paludis
946 1893 1039 1954 eques
1068 1877 1254 1936 mittereturs

226 1983 355 2046 solidum
376 1982 445 2060 ills,
468 1992 498 2043 et
520 1982 694 2062 fingemus,
714 1980 826 2062 quihus
845 1978 983 2042 custodia
1003 1979 1185 2060 obvenisset,
1201 2003 1255 2064 pa·

225 2111 294 2152 rum
311 2093 454 2152 intentos.
494 2086 654 2148 Duaealee
674 2108 743 2148 cnm
763 2087 886 2167 perfuga
907 2087 1015 2146 missae
1034 2087 1159 2148 incauto
1172 2085 1254 2148 hosti
1268 2079 1313 2174 ¹5¹

226 2196 518 2280 circumfunduntur.
561 2193 652 2271 Quod
675 2192 728 2254 ubi
757 2193 892 2254 clamore
919 2192 1094 2274 cognitum,
1123 2191 1255 2275 legiones

225 2307 361 2368 alronte
379 2303 565 2379 incubuere,
588 2299 726 2382 pulsique
747 2302 893 2367 Germani
914 2300 1055 2362 Rhenum
1078 2299 1150 2384 iuga
1174 2314 1254 2384 pete-

226 2409 309 2470 bant.
353 2406 544 2470 Debellaturn
555 2425 592 2466 eo
604 2405 653 2466 die
666 2406 753 2481 foret,
776 2408 799 2468 si
812 2406 949 2466 Romana
969 2403 1068 2468 classis
1086 2413 1171 2492 sequi
1189 2431 1255 2470 rna-

226 2527 365 2580 turasset.
407 2516 453 2576 Ne
475 2535 568 2597 eques
588 2515 710 2596 quidem
742 2515 867 2592 institit,
894 2524 1016 2596 repente
1045 2513 1118 2576 susis
1145 2515 1253 2580 imbri·
1309 2553 1312 2558 ι

223 2627 279 2686 bus
300 2635 329 2685 et
350 2623 519 2704 propinqua
541 2633 638 2683 nocte.
1260 2637 1302 2680 au

305 2733 430 2792 Postera
450 2729 499 2790 die
514 2741 621 2810 quarta
635 2730 763 2790 decuma
779 2729 856 2810 legio
876 2731 907 2788 in
923 2730 1109 2810 superiorem
1126 2734 1252 2812 provin·
1264 2716 1316 2796 19
1430 2743 1431 2748 ’

223 2843 311 2901 ciam,
328 2835 415 2898 Gallo
445 2837 544 2898 Annio
570 2836 673 2911 missa;
698 2819 837 2896 ⁸‘Cerialis
866 2839 1029 2898 exercitum
1058 2835 1183 2903 decuma
1215 2862 1252 2902 ex

117 3000 122 3008 ,
158 2977 168 2982 -
225 2944 370 3027 llispania
390 2941 467 3026 legio
488 2942 648 3027 supplevit.
690 2941 781 3006 Civili
791 2942 982 3006 Chaucorum
996 2944 1104 3006 auxilia
1126 2963 1252 3006 venere.

223 3055 293 3116 Nou
315 3062 415 3114 tamen
440 3071 528 3114 ausus
551 3050 695 3133 oppidum
715 3051 898 3113 Batavorum
920 3054 1012 3116 armis
1032 3053 1134 3133 tueri,
1156 3052 1251 3134 raptis

291 3274 332 3342 ²4·
352 3269 478 3342 oppidum
497 3273 674 3339 Batavorum]
694 3273 735 3324 De
753 3271 1022 3342 nppidnssatsvorum
1033 3272 1161 3342 exposuit
1174 3271 1248 3324 Dan·

222 3369 313 3422 villius
332 3369 361 3420 in
377 3365 482 3418 Notitis
501 3343 606 3418 Galliae
624 3369 754 3437 antiquae
781 3383 841 3438 pag.
869 3366 945 3436 sim,
975 3367 1088 3437 eiusque
1113 3367 1195 3420 situm
1218 3367 1249 3420 in

223 3462 316 3513 tabula
333 3462 376 3514 illi
395 3459 468 3513 librti
489 3459 617 3513 adiuncta
643 3461 824 3532 probabiliter
848 3461 987 3516 indicavit.
1023 3462 1102 3516 Falso
1130 3442 1249 3514 credidit

222 3555 376 3608 Waltherus
400 3555 453 3608 hoc
479 3553 610 3625 oppidum
627 3573 685 3609 esse
705 3557 819 3623 Vetera,
849 3575 880 3610 ac
904 3557 1061 3628 genitivum
1080 3559 1247 3614 Batavorum

221 3651 358 3720 pertinere
378 3649 412 3700 ad
429 3652 522 3704 armis.
557 3649 655 3704 Vetera
672 3653 743 3706 enirn
765 3654 891 3716 inlaesa
909 3652 996 3706 Rheni
1017 3653 1091 3724 ripa,
1118 3651 1246 3706 Germani

222 3753 312 3802 autern
330 3745 451 3815 proximo
471 3748 576 3816 praelio
592 3754 667 3801 trans
685 3751 806 3803 Rhenum
827 3750 899 3820 pulsi
918 3757 1012 3812 erant,
1033 3757 1064 3801 nt
1081 3753 1193 3818 apparet
1211 3762 1246 3798 ex

222 3862 244 3898 c.
269 3825 307 3898 ress
326 3847 391 3894 extr.
426 3842 573 3898 Civileme
601 3844 800 3906 dextrafflbeui
828 3845 887 3914 ripa
905 3842 1101 3896 transcendisse
1119 3845 1149 3894 in
1167 3843 1248 3899 imm,

221 3938 274 3988 lam
295 3937 449 3988 Batavorum
469 3947 544 4006 patet
561 3941 644 3994 etiam
662 3957 695 3994 ex
714 3941 764 4003 iis,
795 3953 864 4008 quse
896 3938 979 4008 paulo
1003 3945 1065 4007 post
1092 3941 1244 3994 narrantur,

224 4035 368 4086 Transirre
386 4035 505 4090 Rhenum
527 4039 614 4094 Tutor·
633 4051 814 4112 quoquest
833 4037 978 4093 Classicus.
1013 4031 1242 4106 Egocumldpsio
