2880 4720
594 373 838 442 ernau-lo.
889 433 892 438 .
1154 381 1218 464 auu

188 556 244 616 dos
265 554 414 638 principes
434 553 543 632 viros,'
558 547 591 616 ut
613 567 656 636 est
676 567 784 618 natura
807 552 1085 639 invidiaehpopuli
1101 577 1222 640 qnoque

189 662 549 724 adrectio'ribnsauribus
567 673 739 749 uterentur,
763 673 910 745 quantum
922 663 1218 768 'ardoreminganiin
1315 669 1317 681 ¹

190 792 265 851 quas
286 772 462 832 oratoribus
484 769 563 868 faces
583 769 795 830 admovebant.
817 769 888 831 Non
909 771 948 832 de
966 771 1063 831 otiosa
1078 777 1109 830 et
1122 770 1221 850 quieta

139 915 147 935 r
191 898 225 936 rc
246 877 420 986 loquimur,
443 888 485 951 et
496 863 573 958 quae
595 876 751 958 probitate
771 885 802 937 et
824 860 973 939 modestia
993 877 1134 958 gaudeat·
1169 876 1222 937 sed

162 991 236 1060 ὄρει
266 1001 334 1062 mag
337 1002 374 1040 na
408 973 463 1040 itit
488 991 518 1040 et
538 979 689 1046 notabilis
713 980 890 1062 eloquentia
920 975 1044 1042 alumna
1071 981 1221 1054 licentiae,

192 1109 284 1170 quam
306 1089 389 1150 stulti
412 1065 582 1148 libertatem
602 1071 775 1181 vocabant,
798 1100 897 1151 coines
915 1089 1115 1166 seditionum,
1136 1089 1223 1150 effre·

194 1197 258 1256 nati
280 1195 387 1277 populi
415 1195 662 1272 incitamentum,
696 1194 764 1255 sine
794 1175 949 1276 obsequio
973 1187 1037 1257 line
1066 1195 1222 1272 servitute,

194 1313 355 1364 contumax
378 1303 539 1366 temerarie
558 1303 724 1384 adrogans,
747 1323 825 1384 quae
847 1301 877 1380 in
898 1304 976 1363 bene
991 1282 1246 1380 constitutum-⁰

155 1409 340 1470 vitatibus
355 1430 416 1470 non
431 1411 542 1469 oritur
567 1411 666 1486 Quem
681 1386 762 1468 enim
773 1419 929 1470 oratorem
945 1407 1225 1486 Lacedaemonium,
1254 1389 1274 1444 Ι·

144 1535 282 1598 10qnem
303 1515 478 1578 Cretensem
499 1513 704 1598 accepimns?
718 1515 860 1606 quarum
886 1514 1042 1578 civitatum
1072 1515 1226 1576 severissi-

189 1643 238 1682 ma
258 1621 416 1702 disciplina
441 1630 470 1680 et
489 1623 692 1684 severissimae
710 1599 788 1705 leges
809 1620 987 1686 traduntur
1018 1619 1092 1682 Nec
1122 1621 1225 1681 Mece-

112 1725 115 1744 ³
189 1726 305 1816 donum
327 1716 486 1808 quidem
475 1717 509 1786 ec
527 1727 701 1804 Personam,
723 1739 777 1788 aut
794 1727 885 1807 ullius
909 1725 1019 1812 gentis,
1042 1747 1120 1808 quae
1140 1738 1226 1790 certo

190 1804 320 1912 imperio
355 1841 499 1892 contenta
532 1831 640 1908 suerit,
676 1826 882 1914 eloquentiam
910 1833 1063 1894 novimus.
1115 1833 1227 1904 Rhodii

145 1931 338 2019 15quidnm,
367 1936 489 2019 plurimi
519 1938 714 1998 Athenienses
740 1947 879 1998 oratores
909 1941 1112 2016 exstiterunt,
1146 1942 1226 2022 apud
1325 1981 1327 1986 .

174 2041 268 2128 'quos
290 2046 391 2104 omnia
409 2043 555 2125 populus,
580 2045 684 2106 omnia
707 2044 854 2121 imperiti,
886 2045 998 2101 omnia.
1017 2049 1061 2122 (ut
1080 2045 1123 2103 sic
1145 2045 1226 2106 dixe·

192 2153 260 2228 rim)
282 2145 386 2212 ornnes
407 2159 559 2232 poterant.
600 2151 712 2214 Nostra
732 2168 854 2230 quoque
875 2148 999 2227 civitas,
1027 2145 1126 2214 donec
1145 2173 1227 2226 erra·

612 2239 626 2264 κ
815 2253 816 2256 ¹
1117 2261 1119 2268 Ι
1257 2231 1260 2242 .

195 2337 461 2365 ··ι--··-··-··---·“

280 2453 307 2506 3.
328 2448 521 2516 admovebant]
540 2449 656 2510 Auctore
667 2449 845 2502 Heumannnd
862 2449 954 2520 plnres
964 2456 1088 2508 statuunt
1103 2463 1165 2522 poet
1176 2457 1228 2510 hoc

192 2545 306 2599 verbnm
325 2543 460 2613 ingentem
480 2539 584 2592 hiatum
606 2555 675 2592 esse.
711 2540 764 2592 Sed
782 2541 853 2594 nihil
869 2543 986 2598 excidit:
1007 2562 1069 2598 nam
1089 2549 1229 2602 Maternus

193 2642 226 2693 cle
245 2639 340 2690 eodem
360 2643 533 2706 argumento,
551 2635 627 2705 quod
645 2635 725 2689 modo
742 2639 877 2702 tractavit,
897 2639 1033 2694 disserere
1051 2645 1151 2712 pergit,
1172 2645 1228 2704 nisi

193 2735 267 2806 qnod
286 2735 321 2785 ab
339 2733 392 2791 hoc
414 2730 474 2784 loco
492 2731 574 2800 penio
591 2716 778 2783 vehementius
797 2723 882 2785 arte'm
900 2733 1009 2788 dicendi
1034 2753 1097 2788 ese
1128 2737 1232 2810 impro-

194 2832 285 2882 batam
313 2825 476 2893 adgreditur.
515 2825 546 2874 ln
568 2823 707 2904 prioribus
733 2827 875 2895 exposuit,
900 2830 1127 2898 quemadmodum
1149 2831 1227 2900 'apud
1306 2825 1308 2830 ’

196 2925 311 2978 maiores
329 2909 467 2971 libertatis
486 2923 635 2968 extremum
654 2927 740 2972 artem
759 2919 869 2971 dicendi
886 2924 1054 2989 provexerit:
1086 2926 1141 2976 iam
1165 2926 1228 2977 uni'·

197 3035 273 3074 verse
291 2995 453 3086 pronuntiet
473 3027 532 3062 earn
554 3027 612 3068 erae
626 3011 709 3066 huius
729 3017 801 3068 aitis.
813 3022 956 3080 naturam,
984 3025 1015 3069 nt
1031 3019 1061 3070 in
1079 3018 1150 3070 bene
1164 3035 1229 3072 con·

199 3111 302 3166 utitatis
323 3105 479 3162 civitatibus
498 3115 561 3158 non
578 3107 690 3160 oriatnu
723 3106 901 3178 Quapropter*
918 3110 948 3164 in
974 3111 1082 3164 civitate
1101 3108 1230 3178 Romane,

199 3209 288 3261 donec
306 3207 450 3268 erraverit,
469 3218 528 3254 cam
539 3200 688 3265 'donuinam
708 3199 756 3254 sed
773 3202 845 3266 iarn,
868 3217 927 3256 cnm
946 3204 1090 3258 concordia
1107 3206 1229 3272 redierit,

199 3304 353 3357 necessario
372 3301 484 3355 fractam
504 3310 563 3349 esse
581 3289 731 3349 notabilem
748 3292 855 3368 antiqui
886 3301 1016 3368 temporis
1033 3303 1229 3374 eloquentiam.

200 3396 300 3454 Moneo
318 3411 409 3451 veram
431 3393 571 3474 lacunam,
596 3408 667 3462 quae
686 3397 727 3443 est
743 3391 772 3443 in
798 3406 821 3443 c.
837 3393 905 3481 ⁸35„
930 3391 1077 3463 diligenter
1101 3399 1130 3448 in
1152 3399 1229 3452 libris

200 3495 327 3556 indicari,
345 3500 400 3544 tam
419 3489 448 3540 in
458 3487 624 3540 Faenesiano
643 3502 724 3556 quarn
741 3485 772 3540 in
789 3487 937 3550 Vaticanis,
959 3489 1007 3539 red
1024 3489 1093 3542 hanc
1113 3491 1147 3542 ab
1156 3493 1230 3545 Heu-

200 3575 407 3642 mainoo'fictam
427 3585 461 3637 ab
480 3586 529 3648 iir‚'
548 3585 579 3636 n't
596 3596 645 3656 par
662 3593 718 3647 est,
731 3585 864 3654 ignorari.
895 3581 980 3638 'Erret
994 3582 1150 3650 Dronkiur,
1167 3607 1228 3642 curn

202 3685 232 3736 in
249 3685 354 3737 diurnis
370 3682 619 3734 Zimmermannia.
641 3680 714 3735 rtet.
732 3697 791 3751 pag.
813 3682 871 3750 541.
890 3679 1014 3734 lacunam
1030 3681 1075 3734 hic
1092 3681 1232 3736 obaet'rari

203 3781 233 3828 in
253 3776 326 3830 libro
345 3777 511 3832 Farne‘riano
535 3771 636 3831 narrat
672 3775 804 3880 imposuit
826 3775 853 3827 ci
882 3775 978 3828 lacuna
1004 3773 1134 3880 editionis
1159 3776 1230 3830 Belc-

203 3871 339 3936 lanienae.
903 3879 907 3886 '

290 3967 312 4018 5
332 3964 381 4037 err]
401 3979 426 4018 rr
444 3968 472 4017 F.
