2912 4730
482 329 488 344 Ι
530 393 605 456 tm.
623 389 679 461 ill.
695 391 784 458 CAP.
801 393 935 463 Ab-lll.
1180 391 1238 456 tta

208 571 263 644 lit,
298 583 393 632 saeuo
420 574 499 634 mari
529 573 670 654 eludens,
703 574 776 658 qnia
806 573 985 635 lectissimas
1002 569 1237 632 Liburnicarum
1253 576 1280 644 (a
1299 573 1330 633 C.
1343 577 1399 646 up.)

209 697 393 760 omrremquc
421 682 547 742 militem
577 684 738 744 Mucianus
758 681 935 764 Byzantium
965 679 1117 762 adegerat.
1158 678 1241 756 Quin

161 773 164 789 ¹
209 793 239 841 et
259 784 380 876 barbasi
401 789 598 870 contemptim
620 789 819 870 vagabantur,
841 787 996 848 fabricatis
1015 794 1144 868 repente
1154 785 1248 876 navi..

208 889 275 952 bus.
317 894 458 958 Camacas
480 909 610 972 vocant,
632 899 707 957 artis
729 895 893 968 lateribus,
927 897 1017 957 latam
1047 895 1149 955 alvom
1179 891 1242 952 sine

180 993 330 1058 5vincnlo
351 1003 428 1062 aeris
451 1011 505 1062 aut
526 1001 602 1062 ferri
624 1020 811 1076 connexam
836 1010 866 1059 et
889 1001 1008 1061 tumido
1033 1003 1127 1076 mari,
1153 1009 1244 1080 prout

207 1102 318 1166 fluctus
340 1105 504 1182 attollitur,
525 1125 646 1168 summa
668 1108 793 1166 navium
811 1107 920 1166 tabulis
942 1119 1069 1188 augent,
1092 1103 1188 1166 donec
1212 1107 1243 1165 in

208 1209 334 1284 modum
351 1213 424 1272 tecti
443 1213 637 1274 claudantur.
680 1213 730 1272 Sic
751 1213 830 1272 iuter
851 1213 948 1272 undas
968 1213 1156 1287 volvuntur,
1179 1215 1244 1294 pari

207 1315 358 1397 utrinque
381 1339 471 1398 prora
492 1331 522 1380 et
535 1320 671 1380 mutabili
695 1321 834 1402 remigio,
858 1323 980 1401 quando
1005 1321 1076 1382 hinc
1096 1323 1143 1384 vel
1161 1323 1244 1384 illinc

141 1421 362 1502 Assappellere
394 1426 592 1486 indiscretum
619 1436 649 1484 et
680 1425 835 1486 innoxium
858 1435 913 1486 est.
957 1427 1094 1490 Advertit
1128 1451 1162 1490 ea
1194 1453 1243 1493 res

161 1530 384 1610 10Vespasiani
405 1533 558 1608 animum,
582 1543 615 1591 ut
638 1531 809 1592 vexillarios
838 1553 856 1592 e
881 1531 1052 1614 legionibus
1073 1535 1242 1620 ducemque

205 1639 346 1700 Virdium
369 1638 564 1716 Geminums
578 1648 729 1720 spectatae
748 1639 890 1714 militiae,
915 1639 1067 1721 deligeret.
1109 1641 1166 1704 llle
1192 1647 1243 1705 in·

205 1751 404 1830 compositum
435 1756 468 1808 et
499 1747 631 1828 praedae
659 1747 803 1828 cupidine
827 1767 937 1828 vagum
964 1747 1083 1810 hostem
1114 1750 1241 1812 adortus

204 1855 301 1937 coegit
330 1855 360 1915 in
393 1876 485 1916 naves
493 1881 501 1928 ;
536 1855 707 1936 effectisque
728 1855 844 1936 raptim
863 1856 1036 1918 Liburnicis
1068 1857 1240 1940 assequitur

204 1963 364 2024 Anicetum
386 1964 416 2023 iu
439 1966 516 2024 ostio
538 1961 671 2042 ssuminis
695 1963 828 2036 Cobibi,
852 1971 953 2024 tntum
972 1964 1027 2025 snb
1051 1965 1239 2026 Sedochezo-

157 2072 373 2152 ,srumregis
395 2070 526 2146 auxilio,
555 2092 646 2150 quem
670 2070 797 2150 pecunia
824 2067 971 2149 donisque
1000 2071 1039 2128 ad
1067 2074 1238 2132 societatem

200 2174 384 2256 perpulerat.
428 2177 471 2234 Ao
491 2175 593 2252 primo
614 2196 665 2234 rex
682 2178 771 2236 minis
793 2178 946 2254 armisque
958 2175 1119 2254 supplicem
1134 2175 1235 2238 tueri:

200 2289 364 2362 postquam
376 2297 488 2336 merces
505 2279 687 2356 proditionis
707 2269 760 2338 aut
772 2279 885 2338 bellum
897 2279 1123 2355 ostendebatur,
1148 2281 1237 2361 ssusa,

200 2399 236 2446 ut
254 2395 300 2446 est
320 2383 471 2461 barbaris,
496 2382 556 2444 lide
577 2390 681 2464 pactus
702 2385 818 2444 Aniceti
840 2386 961 2445 exitium
976 2385 1117 2468 perfugas
1138 2389 1236 2451 tradi.

200 2495 266 2573 dit,
288 2493 431 2574 belloque
453 2493 556 2554 servili
578 2471 646 2551 fluis
667 2493 838 2574 impositus.

150 2639 209 2686 ,ΟΙ
281 2600 413 2662 Laetum
436 2623 470 2664 ea
491 2602 625 2662 victoria
643 2580 869 2682 ¹Vespasianum
892 2604 1006 2664 cunctis
1040 2623 1130 2686 super
1162 2616 1233 2668 vota

146 2685 173 2715 Ἣ
199 2709 363 2772 fluentibus
385 2711 599 2774 Cremonensis
633 2709 740 2791 praelii
772 2710 898 2772 nuntius
927 2713 958 2770 in
983 2694 1123 2793 Aegypto
1153 2733 1234 2774 asse.

198 2820 313 2900 quitur.
354 2815 404 2874 Eo
423 2816 637 2896 properantius
650 2811 869 2874 Alexandriam
890 2817 997 2897 pergit,
1018 2826 1052 2875 ut
1071 2817 1168 2878 {racto
1178 2819 1234 2878 Vi·

198 2925 274 2986 tellii
296 2925 429 2984 exercitu
450 2922 559 2982 urbem
582 2943 703 3002 quoque
735 2935 877 2983 externae
904 2923 970 3004 opis
996 2921 1129 3002 indigam
1153 2923 1233 2986 fame

198 3041 331 3116 urgeret.
359 3030 517 3112 ·Namqne
536 3041 567 3089 et
586 3029 739 3104 Africam,
766 3030 872 3091 eodem
891 3029 984 3090 latere
1014 3031 1121 3108 sitam,
1148 3042 1232 3092 terra

149 3157 190 3219 25
200 3143 337 3224 marique
356 3137 502 3200 invadere
526 3137 673 3218 parabat,
703 3137 810 3200 clausis
833 3121 970 3198 annonae
997 3134 1136 3197 subsidiis
1162 3136 1231 3196 ino.

197 3254 281 3334 piam
305 3271 340 3310 ac
361 3246 543 3308 discordiam
563 3245 641 3306 hosti
664 3245 808 3306 facturus.

131 3380 185 3462 49
272 3359 361 3419 *Dum
375 3357 433 3417 hac
451 3355 545 3416 totius
565 3353 649 3414 orbis
669 3355 826 3416 nutatione
840 3354 960 3416 fortuna
972 3349 1092 3433 imperii
1109 3347 1229 3427 transit,

195 3651 255 3716 ung
276 3644 396 3712 denique
411 3642 569 3712 metaphora
585 3656 666 3710 quam
685 3643 782 3694 statuit
800 3641 955 3709 waltherus
976 3636 1105 3707 exemplis
1131 3636 1164 3689 ab
1192 3653 1225 3690 eo

194 3735 284 3786 allatis
303 3751 398 3804 parum
421 3733 559 3802 probatur.

263 3848 288 3896 9.
306 3829 446 3900 appellare
465 3826 516 3878 Mi.
534 3803 607 3878 lafra
627 3828 668 3880 23.
679 3843 787 3898 quoque
806 3826 845 3878 G:
864 3823 907 3874 lda
922 3840 993 3892 qun
1011 3825 1058 3877 alil
1077 3826 1223 3894 urbemque
1327 3829 1330 3836 “

195 3935 245 3990 pro
255 3922 346 3976 urbem
356 3939 470 3994 quoque.
491 3923 573 3974 Paulo
585 3930 646 3989 post
655 3923 773 3992 iamque,
782 3935 837 3972 non
846 3937 972 3990 iramque,
981 3921 1105 3974 Tacitum
1115 3917 1223 3970 dedisse
1281 3969 1284 3974 ,

195 4015 335 4082 suspicor,
356 4017 402 4068 sed
422 4017 544 4082 suspicor·
562 3999 677 4066 tautum*
689 4023 717 4066 et
735 4031 851 4087 namque
870 4014 981 4068 defendi
1003 4029 1080 4083 posse
1099 4010 1186 4068 rideo.
