2914 4724
232 444 273 510 42
407 392 409 396 v
601 440 890 504 fflsroamauat

73 625 99 692 (a
121 605 329 696 Crialtameo
351 625 508 706 quisquam
532 627 562 686 iu
584 625 710 685 modum
730 625 883 686 concionis
914 632 978 696 [aut
998 630 1153 706 suggestu]
1175 621 1260 682 loru·

126 785 183 810 ,,.
228 746 286 796 tus.
329 735 435 815 Neque
456 733 538 792 euim
558 743 623 794 erat
640 733 741 794 adbuc
774 735 824 794 cui
845 735 1058 816 imputaretur.
1101 709 1323 810 Spectator56

227 841 336 923 flagitii
358 838 551 902 Hordeonius
573 840 704 902 Flaccus
724 840 890 902 consularis
912 837 1170 922 legatus-aderat,
1198 855 1259 894 non

227 968 417 1030 compescere
436 960 580 1029 ruentes,
614 971 677 1010 non
698 948 833 1010 retinere
856 948 984 1026 dubios,
1014 968 1075 1008 noa
1105 945 1259 1007 cohortari

133 1125 136 1142 ‚
226 1055 323 1129 bonos
356 1077 465 1134 ausus,
503 1055 556 1118 sed
586 1057 686 1138 segnis
709 1056 838 1138 pavidus
867 1066 898 1117 et
927 1053 1069 1118 socordia
1101 1053 1287 1124 innocens.5

94 1149 98 1158 ’
226 1163 383 1242 Quattuor
402 1166 594 1228 centuriones
613 1164 864 1226 duoetviaesirnae
885 1147 1025 1246 legionis,
1061 1161 1178 1222 Nonius
1200 1161 1260 1220 Re-

225 1281 348 1350 ceptus,
368 1261 517 1331 Donatius
540 1269 668 1346 Valens,
699 1270 846 1331 Romilius
868 1269 1046 1348 Marcellus,
1077 1266 1259 1348 Calpurnius

148 1400 152 1405 ·
225 1378 430 1458 Repentinus,
452 1369 521 1452 culn
545 1387 742 1460 protegerent
764 1375 880 1438 Galbae
899 1379 1055 1456 imagines,
1076 1375 1259 1456 impetumi-

210 1482 314 1549 ,titum
337 1485 457 1564 abrepti
479 1479 645 1565 vinctique.
687 1487 748 1546 Nec
771 1485 914 1564 cuiquam
934 1481 1017 1541 ultra
1037 1481 1110 1541 fides
1130 1493 1182 1541 aut
1198 1501 1260 1540 me·

226 1591 325 1651 moria
346 1590 458 1672 prioris
477 1589 668 1665 sacramenti,
690 1588 745 1652 sed
768 1588 851 1670 quod
872 1587 903 1648 in
918 1583 1118 1648 seditionibus
1139 1586 1259 1662 accidit,
1272 1606 1331 1660 ro¹

133 1693 135 1700 '
204 1694 306 1756 unde
324 1693 425 1776 plures
445 1707 555 1776 erant,
574 1718 678 1760 omnes
701 1699 815 1760 incre·

307 1803 412 1880 Nocte,
428 1824 506 1885 quae
518 1791 660 1865 calea‘das
679 1804 838 1866 lanuarias
857 1813 958 1864 secata
977 1808 1036 1878 est,
1056 1799 1087 1858 in
1109 1798 1259 1864 coloniam

204 1908 475 2000 =Agrippiaensem
513 1911 653 1994 aquilifer
694 1921 820 1994 quartae
859 1909 988 1992 legionis
1024 1904 1160 1988 epulanti
1200 1909 1258 1970 Vi.

223 2013 307 2076 tellio
334 2019 455 2078 nuntiat
481 2028 622 2099 quartam
642 2029 673 2080 et
693 2017 960 2080 duoetvicesimam
984 2013 1116 2095 legiones
1137 2015 1258 2096 proice.

224 2125 263 2182 tis
284 2121 399 2182 Galbae
420 2123 604 2204 imaginibus
629 2125 660 2183 in
682 2134 804 2184 senatus
828 2145 863 2184 ao
886 2121 988 2205 populi
1009 2121 1139 2207 Romani
1161 2121 1305 2184 verba15

223 2231 345 2298 iurasse.
390 2230 426 2292 ld
446 2243 666 2293 sacramentum
686 2235 779 2294 inane
799 2231 912 2293 visum:
933 2228 1079 2312 occupari
1100 2237 1256 2290 nutantem

224 2337 390 2400 Fortunam
410 2316 441 2402 et
462 2339 564 2411 offerri
585 2343 753 2424 principem
770 2341 892 2422 placuit.
935 2338 1019 2401 Missi
1039 2333 1196 2397 a'vitetlio
1217 2336 1257 2396 ad

225 2443 356 2526 legiones
375 2425 548 2528 legatosque
569 2448 621 2527 qui
634 2446 798 2518 'descivisse
818 2445 946 2506 aGalba
966 2447 1153 2525 superiorem
1174 2464 1257 2504 exer·

226 2555 319 2616 citum
346 2554 542 2614 nuntiarent:
576 2554 704 2634 proinde
740 2565 795 2614 aut
827 2551 1006 2614 bellandum
1032 2552 1175 2613 adversus
1200 2551 1256 2612 de·

226 2662 381 2722 sciscentes
400 2669 465 2734 aut,
486 2662 511 2720 si
532 2661 693 2721 corrcordia
708 2672 803 2742 etpax
817 2660 944 2742 placeat,
967 2659 1139 2721 faciendum
1160 2662 1303 2740 impe-ao

171 2817 175 2822 .
227 2775 383 2842 ratorem3
421 2774 450 2824 et
490 2765 611 2826 minore
647 2765 823 2826 discrimine
853 2764 932 2824 sumi
963 2767 1134 2848 principem
1163 2783 1252 2847 quam

226 2872 342 2954 quaeri.
384 2871 524 2934 Proxima
539 2871 666 2956 legionis
676 2875 792 2956 primae
804 2871 934 2934 hiberna
956 2885 1052 2949 crant,
1075 2884 1106 2936 et
1127 2865 1317 2954 promp-5'l

230 2983 455 2998 m*-

300 3045 320 3080 ι.
338 3042 387 3089 aut
403 3031 539 3105 suggestu]
558 3049 686 3104 suggestu
704 3035 783 3106 loqui
796 3050 813 3086 a
826 3033 973 3086 Latinitate
992 3032 1114 3088 laborate
1133 3047 1195 3082 nam
1210 3029 1253 3082 vel

227 3121 260 3174 de
277 3136 405 3193 suggestu
422 3123 483 3193 quir
505 3124 627 3194 loquitur
644 3125 687 3175 vel
705 3142 718 3175 e
736 3137 863 3196 suggesta
881 3127 926 3179 vel
944 3127 975 3178 in
992 3136 1132 3196 sugges1u5
1159 3133 1187 3176 et
1204 3123 1253 3175 ab·
1308 3117 1317 3134 '

227 3215 325 3268 latirus
346 3217 405 3268 siae
424 3221 626 3286 praepositione
644 3220 710 3288 poni
728 3228 826 3288 potest,
844 3222 867 3271 ai
885 3221 1008 3273 additum
1025 3229 1067 3272 est
1086 3221 1141 3271 sive
1160 3219 1252 3271 adiee-

227 3310 311 3361 tivum
329 3311 385 3362 rive
403 3327 571 3382 pronomen,
590 3321 621 3366 ut
641 3315 746 3368 excelso
764 3327 890 3388 suggestu
907 3317 987 3388 loqui
1005 3315 1050 3368 rel
1067 3331 1098 3367 eo
1115 3325 1251 3384 suggestu.
1302 3337 1305 3342 ·

228 3401 279 3453 Cui
299 3406 365 3456 citio
387 3408 453 3459 catis
471 3408 605 3462 violenter
622 3407 724 3460 mederi
743 3419 855 3464 conatus
870 3416 910 3462 eat
929 3407 1096 3470 Groslotiua,
1115 3413 1181 3462 vace
1204 3417 1253 3458 cut

228 3505 335 3550 extrusa
354 3504 381 3550 et
397 3519 446 3570 pro
467 3519 497 3554 ca
511 3520 525 3554 e
538 3510 653 3572 recepta.
689 3502 743 3556 Sed
759 3507 843 3573 magis
862 3501 1009 3555 verisimile
1027 3509 1068 3553 cst
1085 3489 1153 3553 baec
1170 3499 1253 3550 verba

228 3589 322 3642 addita
338 3607 395 3644 ecre
412 3595 445 3646 ab
468 3595 559 3648 aliena
585 3613 672 3662 mauu,
692 3599 921 3670 utpraecedentia
937 3601 967 3650 in
985 3597 1090 3650 modam
1108 3595 1252 3648 concionis

228 3679 293 3734 iude
313 3683 518 3752 explicarentur.
555 3687 704 3744 Victoriam
721 3693 751 3744 ia
768 3708 818 3743 suo
844 3689 990 3756 exemplari
1010 3705 1101 3741 vocem
1127 3699 1252 3756 suggestu

226 3775 330 3830 lineola
349 3775 500 3848 tubtctlpta
518 3790 622 3848 natare,
648 3793 680 3837 ut
696 3785 783 3837 soleat
799 3785 829 3837 in
849 3783 988 3837 vocabulis
1000 3797 1068 3852 quac
1088 3779 1186 3832 desunt
1198 3778 1251 3837 Mt,

228 3869 342 3931 tradidit
358 3870 521 3954 iiialtbcroa.
555 3878 608 3930 Hic
627 3880 696 3948 ipae,
715 3884 747 3930 ut
755 3877 844 3946 saepe,
864 3872 992 3929 meadum
1008 3876 1116 3944 patiens
1139 3878 1251 3924 etcum-

227 3966 323 4024 nodas
341 3967 370 4022 ia
387 3985 461 4022 raam
477 3970 627 4024 editionem
647 3972 764 4024 admisit.

312 4080 340 4131 9.
359 4062 464 4116 abnecti
481 4062 541 4131 bl³;
562 4073 589 4117 et
610 4065 649 4118 13.
662 4065 910 4136 agrippinicnsem,
934 4073 961 4118 ct
979 4083 1005 4136 p.
1022 4066 1074 4136 43,
1093 4067 1116 4118 3.
1135 4075 1248 4134 gressus·
