2914 4724
532 455 606 557 uu.
630 455 668 518 11
689 453 778 520 car.
797 453 887 521 9-4
1193 411 1234 518 eu

203 637 275 700 stati
289 637 414 722 affingit
435 636 474 700 de
493 640 686 723 navigatione
705 639 839 724 primum
860 636 1023 700 consuluit.
1066 634 1234 716 Postquam
1247 647 1323 722 (sc
1338 647 1395 718 69.)
1448 653 1449 782 p

200 747 294 827 pandi
314 749 396 808 viam
421 759 451 813 et
471 769 557 810 mare
578 771 752 832 prosperum
775 769 825 808 ace
827 749 910 830 epit,
944 745 983 808 de
1003 767 1035 807 se
1054 767 1109 828 per
1131 743 1236 806 amba-

200 875 252 938 ges
271 857 443 940 interrogat
464 859 556 920 caesis
576 853 782 941 compluribus
793 857 910 918 bostns
950 849 1102 917 Sostratus
1124 856 1237 930 (sacer-

202 961 280 1023 dotis
302 965 333 1026 id
352 987 463 1026 nomen
488 971 564 1042 erat)
584 965 639 1024 ubi
670 965 751 1024 laeta
780 975 810 1024 et
840 965 1035 1044 congruentia
1066 970 1135 1024 exta
1167 981 1236 1020 mn.
1314 965 1322 984 “

174 1069 328 1150 dgnisque
348 1071 494 1131 consultis
517 1070 653 1130 adnuere
673 1068 760 1128 deam
791 1067 892 1144 videt,
916 1089 1011 1148 pauca
1034 1069 1064 1129 in
1094 1087 1239 1151 praesens

201 1185 231 1234 et
252 1175 340 1234 solita
360 1175 565 1256 respondens,
597 1174 692 1254 petito
728 1185 844 1234 secreto
873 1173 975 1233 sutura
999 1174 1109 1255 aperit.
1150 1173 1238 1233 Titus

12 1353 13 1360 ἵ
108 1309 117 1338 s
158 1273 159 1278 ’
202 1287 294 1338 aucto
314 1279 416 1340 animo
438 1279 476 1341 ad
497 1291 613 1362 patrem
634 1291 794 1362 pervectus
829 1283 980 1362 suspensis
1011 1280 1238 1364 provinciarum

203 1395 232 1446 et
253 1389 439 1448 exercituum
458 1389 610 1450 mentibus
630 1391 734 1470 ingens
754 1410 862 1450 rerum
879 1389 989 1471 fiducia
1012 1364 1144 1450 necessit.

281 1493 502 1576 Profligaverat
532 1496 647 1557 bellum
683 1487 847 1558 ludoicum
881 1497 1103 1580 Vespasianus,
1139 1519 1236 1582 oppu-

76 1689 80 1698 .
156 1619 190 1662 ro
199 1603 340 1685 gnatione
353 1601 634 1688 Hierosolymorum
645 1606 772 1690 reliqua,
786 1607 865 1668 duro
877 1609 970 1688 magis
983 1619 1013 1668 et
1030 1609 1125 1670 arduo
1141 1629 1237 1690 opere

83 1763 100 1806 s
198 1708 239 1770 ob
260 1709 413 1791 ingenium
434 1709 545 1770 montis
579 1721 610 1770 et
632 1713 1107 1796 pervicaciamsuperstitionis,
1145 1733 1236 1795 quam

196 1837 257 1899 quo
277 1817 349 1878 satis
370 1817 483 1879 virium
505 1817 635 1880 obsessis
656 1820 694 1879 ad
715 1819 889 1880 tolerandas
918 1820 1107 1882 necessitates
1128 1843 1235 1905 super.

114 1934 117 1938 ’
196 1938 280 1987 esset.
323 1927 416 2005 Tres,
441 1939 585 2012 utsupra
611 1931 865 2007 memoravimus,
896 1929 953 2012 ipsi
983 1929 1168 2010 Vespasiano
1190 1930 1235 1990 le-

197 2034 304 2114 giones
324 2041 428 2107 erant,
449 2035 596 2094 exercitae
618 2033 722 2099 bello:
747 2047 896 2119 quattuor
926 2035 1085 2094 Mucianus
1115 2033 1236 2095 obtine-

150 2141 251 2206 15hat
274 2143 304 2201 in
326 2161 418 2223 pace;
441 2141 494 2200 sed
513 2141 676 2204 aemulatio
700 2156 731 2205 et
750 2139 879 2224 proximi
902 2141 1047 2200 exercitus
1067 2137 1172 2229 gloria¹
1185 2139 1236 2200 de·

198 2245 319 2327 pulei-at
342 2245 516 2326 segnitiam,
536 2255 744 2327 quantumque
768 2245 828 2322 illis
851 2242 971 2326 roboris
1004 2241 1178 2303 discrimina
1205 2254 1235 2306 et

198 2349 304 2428 labor,
324 2358 444 2410 tantum
467 2347 515 2408 his
536 2348 650 2428 vigoris
671 2347 828 2407 addiderat
848 2349 965 2428 integra
989 2349 1071 2430 quies
1101 2359 1131 2410 et
1152 2349 1234 2411 inex*
1289 2377 1303 2430 '.

136 2473 176 2515 'A
197 2458 281 2542 perti
310 2457 389 2547 belli¹
417 2456 513 2520 calor.
555 2453 678 2519 Auxilia
710 2457 840 2541 utrique
858 2456 1028 2530 cohortium
1059 2457 1234 2542 alarumque

194 2606 470 2620 -υ-ν-ι--ῌ

208 2661 211 2669 “
265 2675 307 2728 rs.
328 2675 395 2729 betti
408 2677 499 2744 calor]
518 2675 633 2730 Codices
654 2683 682 2728 et
700 2673 835 2727 editiones
853 2673 921 2728 tetta·
939 2674 1025 2728 labor.
1045 2701 1078 2714 ·-
1096 2672 1158 2726 Non
1171 2673 1231 2726 sine

197 2769 344 2831 ,iustissima
363 2788 443 2823 causa
462 2771 570 2840 Lipsius
589 2770 619 2858 ip
637 2785 702 2823 voce
730 2769 811 2823 tator
834 2751 964 2833 offendit,
991 2782 1146 2840 quanquam
1175 2767 1229 2820 loci

198 2863 250 2914 rite
268 2863 382 2914 sanandi
399 2865 470 2916 viam
489 2867 612 2916 invenire
629 2881 684 2916 non
703 2865 803 2932 potuit.
839 2863 907 2914 Nam
934 2865 1050 2932 primum
1078 2881 1133 2916 non
1156 2861 1228 2914 'adeo

196 2957 287 3008 infans
306 2965 347 3008 est
366 2955 479 3006 Tacitus
501 2963 532 3008 ut
551 2961 613 3025 post
630 2956 793 3010 discrimina
812 2969 838 3009 er
855 2957 938 3010 labor
949 2957 1041 3008 statim
1054 2962 1137 3024 ponat
1149 2957 1229 3008 inex·

151 3059 153 3062 “
195 3045 269 3120 perti
287 3048 462 3113 hettitator,
481 3055 538 3100 turn
556 3063 620 3100 vero
640 3065 719 3104 nemo
738 3049 923 3120 explicaverit,
943 3055 998 3098 tam
1016 3047 1084 3118 quid
1104 3049 1228 3104 sitinen-

193 3145 268 3213 perci
289 3143 356 3198 belli
373 3146 471 3206 labor,
500 3161 579 3216 quam
603 3125 739 3216 quomodo
763 3147 785 3198 is
815 3147 937 3216 vigorem
963 3143 1098 3196 militibus
1128 3142 1228 3194 addere
1299 3153 1307 3158 '

195 3235 290 3306 possit.
323 3235 480 3291 Walthcrus
499 3239 635 3310 inexperti
652 3239 720 3290 belli
736 3240 857 3295 laborem
875 3239 1007 3307 intelligit
1025 3253 1092 3305 opus
1112 3237 1228 3290 ctlabo·

188 3345 253 3381 -rcm
271 3330 300 3381 in
318 3335 429 3386 castris:
453 3340 561 3388 atvero
583 3331 799 3411 ispucislabor¹
818 3343 875 3400 est,
901 3349 956 3386 non
976 3334 1053 3385 belli.
1090 3330 1159 3408 Belli
1187 3333 1228 3383 la-

196 3424 277 3477 bores
296 3433 360 3478 sunt
372 3428 474 3496 praelia
496 3437 523 3482 et
541 3429 641 3482 itinera
659 3437 743 3502 atquc
764 3431 872 3483 urbium
890 3431 1121 3501 expugnationes,
1140 3445 1226 3500 eaque

195 3515 318 3574 Muciani
335 3521 412 3574 miles
428 3521 502 3574 haud
521 3522 657 3586 toleravit,
674 3525 755 3575 immo
775 3525 885 3596 integra·
903 3526 994 3596 quiete
1014 3519 1102 3572 adbuc
1120 3537 1226 3574 recrea-

195 3620 306 3666 tuaest.
342 3608 479 3678 Vide‚'ut
500 3614 534 3664 ab
555 3615 641 3666 altero
660 3617 779 3668 exercitu
798 3615 862 3668 huic
872 3619 959 3670 omnis
969 3614 1092 3666 incitatio
1112 3623 1139 3667 et
1150 3618 1228 3685 vigor

196 3709 322 3762 accedat:
342 3727 425 3781 prope
444 3711 514 3762 calet
532 3709 648 3776 bellum,
672 3711 702 3764 id
726 3713 779 3782 ipsi
809 3714 920 3784 quidem
941 3727 997 3762 nun
1018 3715 1224 3782 ,experientem

195 3802 243 3854 sed
261 3803 447 3857 belliludaiei
465 3806 557 3860 calore
581 3813 660 3857 crarta
689 3807 805 3878 segnitia
831 3804 1015 3858 accenduntur
1039 3806 1072 3860 ad
1102 3806 1224 3860 eiusdem

197 3895 288 3948 laudis
302 3915 426 3953 amorem.
462 3901 533 3954 Num
552 3903 630 3956 color
646 3903 714 3972 belli
728 3921 777 3974 pro
795 3903 870 3956 bello
897 3901 970 3976 quod
995 3911 1105 3958 strenue
1123 3903 1225 3971 geritur
1286 3882 1289 3891 “

198 3993 271 4058 apud
288 3994 373 4048 alium
390 3997 549 4066 scriptorem
569 3999 740 4064 inveniatur,
757 4000 868 4066 nescio,
887 3998 941 4056 dici
959 4007 1050 4074 autern
1067 4009 1147 4069 poree
1177 4010 1225 4066 ap·

197 4079 300 4140 tiisimc
318 4107 396 4144 nemo
418 4093 536 4160 negabit.
971 4124 987 4154 s
