2886 4726
498 421 574 488 ute.
596 422 648 484 lll.
672 421 758 484 CAV.
781 424 916 490 72-76·
1164 423 1224 490 185

197 619 344 683 aramque
364 601 465 684 posidt
484 623 572 666 casus
600 623 671 666 suns
704 605 734 666 in
762 623 911 666 marmure
941 619 1127 685 expressam
1157 605 1388 674 murac-61.)

198 709 358 789 imperinm
378 709 505 793 adeptus
529 713 597 774 lovi
619 712 738 774 custodi
758 709 906 793 templum
940 711 1044 791 ingens
1073 729 1165 791 seque
1195 711 1226 770 in

194 816 265 876 'sinu
285 815 332 876 dei
351 820 494 880 secrevit.
536 803 667 882 Sabinus
687 831 718 880 et
739 819 856 880 Atticus
874 818 993 878 onerati
1016 817 1127 878 catenis
1147 814 1228 878 etad

199 921 356 986 Vitellium
375 925 458 988 ducti
479 947 671 1009 nequaquem
690 925 800 988 infesto
820 943 962 985 sermone
982 923 1128 1005 voltuque
1147 921 1227 982 exci-

171 1027 340 1109 5piuntur,
365 1031 565 1095 frementibus
585 1033 638 1115 qui
661 1033 709 1093 ius
739 1032 838 1092 caedis
866 1042 896 1092 et
922 1033 1054 1112 praemia
1082 1039 1227 1090 enaratae

197 1155 312 1216 operae
335 1139 489 1218 petebant.
532 1139 675 1200 Clamore
693 1160 713 1198 a
740 1139 881 1218 proximis
911 1149 978 1200 orto
1007 1137 1130 1199 sordida
1161 1158 1237 1219 pars

197 1239 294 1320 plebis
329 1241 510 1324 supplicium
542 1245 647 1306 Sabini
672 1247 821 1324 exposcit,
841 1241 951 1304 'mines
984 1241 1229 1323 adulationesque

197 1348 313 1414 miscet.
358 1351 498 1411 Stantem
516 1371 573 1432 pro
593 1348 739 1431 gradibus
759 1349 863 1430 palatii
884 1346 1043 1410 Vitellium
1062 1361 1091 1410 et
1119 1369 1228 1432 preces

196 1465 355 1533 parantem
375 1455 548 1534 pervicere,
571 1464 606 1515 nt
629 1453 799 1515 absisteret.
840 1453 921 1514 Tum
941 1453 1113 1516 confossum
1135 1453 1230 1518 colla·

128 1569 392 1642 ‘wceratnmque
414 1567 450 1620 ct'
467 1555 582 1622 abscisi)
615 1563 714 1643 eapite
744 1570 888 1622 truncum
921 1581 1032 1643 corpus
1063 1539 1178 1622 subiit
1198 1563 1229 1622 in

132 1665 187 1746 75
199 1669 360 1730 Gemonias
381 1667 520 1730 trahunt.
560 1669 618 1730 Hic
639 1671 735 1730 exitus
760 1669 818 1732 viri
849 1667 932 1730 haud
955 1689 1028 1731 sane
1054 1667 1227 1751 spernendi.

160 1812 162 1814 -
199 1776 343 1860 Quinque
362 1787 394 1839 et
416 1779 542 1859 triginta
563 1777 717 1859 stipendia
736 1780 769 1838 in
791 1799 826 1840 re
844 1777 967 1861 publiea
985 1776 1118 1855 feceret,
1145 1775 1229 1838 domi

191 1882 379 1965 militiaeque
400 1881 507 1944 clarus.
549 1885 758 1944 innocentiam
776 1883 981 1966 iustitiamque
1003 1882 1068 1944 eius
1088 1905 1151 1946 non
1177 1905 1229 1946 er.

196 2011 326 2071 gueres3
347 1977 492 2052 sernronis
521 1993 632 2052 nimius
653 2001 736 2052 erat:
763 1991 795 2052 id
814 2011 911 2052 unum
924 2000 1038 2073 septem
1058 1991 1146 2054 annis
1159 1991 1230 2073 qni.

152 2110 187 2170 15
199 2099 254 2160 bus
274 2100 443 2175 Moesiam,
464 2099 626 2160 duodecim
648 2101 762 2180 quibus
782 2099 1002 2180 praefecturam
1031 2087 1116 2158 urbis
1148 2083 1230 2158 obri·

196 2210 282 2286 nuit,
308 2207 511 2267 calumniatus
530 2217 575 2264 est
603 2225 723 2268 rumor.
765 2207 802 2267 ln
837 2203 897 2263 line
919 2202 1000 2263 vitae
1026 2201 1079 2264 alii
1098 2227 1229 2288 segnem,

196 2312 286 2374 multi
307 2313 503 2374 moderatum
521 2320 554 2371 et
571 2313 689 2373 *civium
717 2312 875 2392 sanguinis
902 2329 1032 2393 parcum
1061 2312 1230 2377 credidere.

198 2420 292 2499 Quod
315 2423 398 2482 inter
416 2421 515 2482 omnis
537 2418 718 2496 constiterit,
739 2429 810 2480 ante
829 2419 1033 2502 principatum
1055 2421 1230 2504 Vespasiani

199 2531 292 2594 decus
317 2531 425 2592 domne
459 2549 553 2611 penes
572 2527 720 2594 Sabinum
750 2539 826 2597 erat.
850 2527 998 2596 ,Caedem
1027 2529 1091 2592 eius
1117 2528 1229 2594 laetam
1249 2523 1253 2530 “

151 2635 289 2707 20fuiss'e
308 2637 452 2701 Muciano
482 2636 664 2719 accepimus.
704 2634 857 2698 Ferebant
878 2634 1019 2720 plerique
1049 2636 1139 2700 etiarn
1161 2641 1238 2721 psci

197 2742 370 2806 consultum
391 2743 543 2826 dirempta
564 2741 767 2806 aemulatione
787 2746 868 2806 inter
889 2743 975 2824 dnos,
998 2733 1129 2828 quorum
1152 2735 1255 2812 alter'

198 2873 232 2914 se
253 2852 382 2914 fratrem
403 2852 614 2933 imperatoris,
634 2852 710 2914 alter
728 2863 902 2914 consortem
931 2855 1049 2935 imperii
1076 2857 1229 2938 cogitaret.

197 2957 259 3020 Sed
278 2959 421 3018 Vitellius
441 2958 576 3018 consulis
599 2956 781 3040 supplicium
803 2961 936 3040 poscenti
956 2959 1069 3042 populo
1104 2963 1228 3036 restitit,

200 3067 335 3148 placatus
358 3067 393 3126 ac
414 3064 497 3126 velut
517 3067 614 3126 vicem
633 3065 772 3145 reddens,
793 3065 877 3150 quod
896 3067 1151 3150 interrogantibus
1164 3069 1230 3150 quis

152 3173 384 3256 25Capitnlinm
405 3171 585 3232 incendisset
606 3191 637 3233 se
658 3193 748 3233 reum
782 3175 899 3234 Atticus
927 3173 1105 3253 obtulerat,
1134 3195 1230 3254 eaque

199 3281 401 3356 confessione,
423 3282 486 3340 sive
502 3289 610 3360 aptum
630 3282 759 3360 tempori
782 3281 971 3342 mendacium
992 3283 1059 3362 snit,
1085 3281 1228 3350 invidiam
1264 3363 1267 3370 Ὺ

201 3391 377 3468 crimenque
389 3391 544 3470 agnovisse
556 3396 586 3448 et
599 3410 616 3446 a
628 3369 770 3470 pertibus
782 3389 894 3452 Vitellii
906 3391 1045 3451 emolitus
1057 3385 1227 3450 videbatur.

138 3512 192 3592 7ss
285 3498 383 3561 Isdem
407 3497 512 3558 diebus
533 3499 644 3560 Lucius
661 3475 801 3558 Vitellius
830 3499 934 3579 positis
966 3496 1043 3578 apud
1069 3497 1229 3562 Feroniam

157 3618 160 3628 '
200 3609 308 3670 castris
328 3603 443 3669 excidio
464 3603 649 3665 Tarracinae
668 3603 863 3682 imminebat,
888 3605 997 3666 clausis
1027 3600 1090 3664 illic
1112 3603 1227 3686 gladia.

152 3713 318 3784 (tatoribus
339 3709 583 3792 remigibusque,
604 3711 655 3792 qui
676 3729 740 3772 uon
761 3708 865 3792 egredi
887 3709 1004 3770 moenie
1025 3731 1123 3798 neque
1146 3713 1228 3795 peri.

201 3859 409 3873 mono-¹-
422 3861 426 3866 ·
456 3861 473 3866 ν·

289 3938 314 3988 5.
332 3931 545 3992 erzovatuebla,
564 3930 690 3997 idemque
709 3903 800 3982 statim
821 3927 925 3980 omittit
945 3945 972 3983 a,

275 4048 314 4085 αι.
335 4027 528 4097 doepta‘uttt.
550 4043 590 4096 sp„
613 4026 780 4083 Terracinae
792 4021 841 4084 lda,
856 4027 883 4072 et
897 4037 925 4092 p.
948 4023 1007 4086 186,
1024 4035 1048 4074 ι.
1066 4011 1227 4087 pollinam.
