2890 4728
173 501 177 508 .
216 445 277 512 290
622 435 873 504 GEttttnlttAE

215 621 313 686 multo
333 624 454 701 iusuper
473 619 545 682 iimo
567 627 717 692 unierunt,
747 615 909 698 suffugium
930 614 1021 674 hiemi
1047 625 1078 674 et
1103 621 1240 693 receptu.

215 729 319 792 culum
342 727 488 810 frugibus,
509 731 580 809 quia
594 729 728 808 rigorem
747 726 896 808 frigorum
917 719 1064 784 eiusmodi
1075 718 1150 780 lucis
1163 719 1241 779 mel.

211 837 302 900 liunt.
342 837 383 898 Et
403 838 428 896 si
448 835 571 918 qnando
593 834 689 894 bostis
707 833 846 910 advenit,
868 841 973 913 aperta
994 828 1170 912 populatur,
1186 825 1243 886 ab.

212 945 275 1006 dita
295 955 397 1004 antem
416 952 448 1001 et
469 941 590 1002 defossa
611 948 665 999 aut
686 942 864 1021 ignorantur
895 947 950 998 aut
977 955 1013 996 oo
1042 937 1107 1016 ipso
1134 934 1245 996 fallunt

211 1052 294 1134 quod
314 1049 484 1131 quaerenda
503 1057 584 1109 sunt.
1250 1043 1273 1105 5

291 1160 446 1240 Tegumen
468 1159 608 1219 omnibns
627 1177 731 1239 sagum
754 1154 845 1215 fibula
866 1164 938 1231 ant,
973 1155 997 1214 si
1027 1151 1123 1222 desit,
1155 1143 1305 1230 spinal'l

209 1276 399 1325 consertum:
435 1277 536 1326 cetera
568 1267 671 1325 intecti
704 1273 783 1322 totns
811 1261 875 1320 dies
908 1262 991 1350 iuxta
1019 1259 1119 1318 incunt
1149 1266 1241 1339 atque

189 1347 308 1452 'ignem
343 1357 451 1452 agunt.
508 1372 750 1452 Locupletissimi
783 1377 866 1428 veste
896 1367 1144 1448 distinguuntur,
1178 1385 1238 1424 non
1324 1361 1329 1372 '

112 1559 114 1566 y
208 1479 360 1556 fluitante,
381 1483 458 1541 siout
478 1480 631 1540 Sarmatae
652 1499 689 1538 ac
709 1477 839 1556 Parthi,
860 1475 910 1536 scd
935 1475 1039 1536 stricta
1059 1485 1089 1533 et
1105 1472 1240 1554 singulos

207 1595 294 1646 artus
317 1589 508 1667 exprimente
551 1587 671 1646 Gerunt
692 1598 722 1647 ct
738 1586 872 1646 ferarum
881 1583 987 1666 pelles,
1009 1581 1143 1665 proximi
1155 1579 1240 1661 ripae
1254 1603 1290 1644 ro

206 1691 415 1773 negligenter,
447 1691 605 1752 ulteriores
635 1675 826 1774 exquisitius,
857 1688 1020 1770 atquibus
1052 1689 1153 1749 nullns
1183 1707 1240 1770 per

206 1800 388 1858 commercia
417 1795 528 1858 cultus.
570 1798 698 1880 Eligunt
726 1799 821 1873 seras,
856 1807 887 1858 et
918 1796 1057 1857 detracta
1090 1783 1240 1858 velamina

205 1915 353 1986 spargunt
375 1906 503 1967 maculis
524 1881 897 1989 pellibuaqnebeluarum,
919 1906 1241 1988 quasexteriorOcea-

205 2035 263 2074 nus
283 2025 374 2096 atque
393 2019 534 2098 ignotum
554 2036 639 2078 mare
659 2017 764 2098 gignit.
807 2017 866 2076 Nec
886 2015 961 2076 alius
981 2015 1114 2076 tieminis
1144 2031 1236 2096 qnam

205 2099 279 2183 viris
300 2121 440 2198 babitus,
471 2122 529 2192 uisi
549 2119 632 2202 qnod
654 2121 784 2181 irminae
812 2124 930 2204 saepius
963 2119 1049 2182 lineis
1079 2121 1237 2184 amictibus
1252 2123 1289 2184 15

178 2296 179 2300 Ἰ
204 2227 365 2304 uelantur,
386 2247 499 2310 eosque
519 2245 654 2308 purpura
677 2229 817 2301 variant,
839 2237 1020 2308 partemque
1040 2231 1166 2290 vestitus
1182 2251 1236 2292 su.

204 2337 332 2418 periuris
354 2336 384 2395 in
404 2335 535 2395 manicae
555 2354 615 2394 non
637 2337 815 2413 extendunt,
841 2336 940 2396 nudae
949 2335 1072 2396 bracbia
1094 2336 1236 2400 aclacer-

156 2430 163 2446 ⁸
203 2453 268 2522 tos;
288 2442 342 2504 sed
363 2454 394 2504 et
413 2446 548 2524 proxima
566 2464 634 2526 pars
651 2445 787 2524 pectoris
798 2435 889 2523 patet
932 2445 1118 2526 Quanquam
1132 2467 1235 2508 severa
1251 2438 1320 2518 18'

203 2547 265 2612 illic
286 2549 497 2628 matrimonia,
519 2571 576 2610 nec
596 2551 689 2610 ullam
713 2568 836 2622 murum
855 2561 969 2630 partem
1005 2555 1099 2634 magis
1127 2551 1236 2614 lauda-

202 2659 293 2717 veris.
336 2656 412 2716 Nom
435 2653 530 2738 prope
550 2655 608 2719 soli
627 2657 834 2718 barbarorum
855 2657 981 2740 singolis
1000 2659 1235 2722 uxoribnscnn.
1247 2681 1289 2720 uo

203 2763 279 2822 tenti
299 2769 389 2831 eunt,
423 2761 550 2842 exceptis
572 2762 738 2823 admodum
772 2765 897 2843 paucis,
930 2766 981 2845 qui
1015 2785 1077 2826 non
1109 2770 1236 2832 libidine

204 2852 257 2930 sed
287 2867 329 2928 ob
362 2866 551 2930 nobilitatem
583 2850 725 2951 plurimis
750 2865 865 2952 nuptiis
896 2871 1080 2934 ambiuntur.
1121 2875 1235 2936 Dotem

204 2995 266 3035 non
289 2993 367 3034 uxor
391 2977 512 3051 marito,
533 2974 586 3034 sed
605 2973 692 3034 uxori
713 2978 836 3034 maritus
858 2974 957 3037 offert.
996 2979 1155 3040 intersunt
1178 3002 1235 3062 pa·
1331 2972 1334 2982 ’

203 3091 304 3141 rentes
325 3091 355 3140 et
384 3084 547 3164 propinqui
578 3101 615 3142 ac
635 3101 758 3141 munera
778 3082 919 3164 probant.
959 3085 1089 3147 Munera
1108 3108 1169 3148 non
1193 3088 1233 3149 ad
1270 3093 1275 3104 “

203 3186 323 3250 delicias
344 3186 505 3254 muliebres
528 3188 679 3268 quaesita,
701 3208 754 3248 nec
777 3189 888 3271 qauibus
905 3209 984 3250 nova
1005 3201 1099 3268 nupta
1129 3213 1232 3254 coma·
1246 3179 1286 3274 25

203 3303 277 3374 tur,
299 3295 352 3356 sed
374 3295 468 3359 boves
489 3305 521 3358 et
540 3295 697 3381 frenatum
717 3315 827 3378 equum
848 3305 878 3356 et
897 3305 1099 3356 acutumcnm
1119 3298 1231 3360 framea

203 3399 375 3484 gladioque.
417 3404 452 3463 ln
472 3403 551 3464 baec
560 3418 685 3463 monera
705 3423 781 3464 uxor
802 3404 956 3486 accipitur,
978 3415 1069 3488 atque
1088 3407 1120 3468 in
1133 3407 1230 3470 vicem

204 3506 265 3586 ipsa
289 3529 443 3571 armorum
462 3509 576 3593 aliquid
597 3512 665 3571 viro
698 3511 793 3572 affert.
836 3512 902 3572 lloc
929 3515 1092 3574 maximnm
1120 3515 1228 3577 vinca.

205 3612 285 3688 lum,
309 3613 383 3676 haec
406 3631 518 3678 arcana
541 3637 647 3695 sacra,
665 3616 723 3678 bos
745 3617 916 3700 coniugales
937 3619 1010 3682 deos
1031 3620 1230 3688 arbitrantur,

203 3720 249 3780 Ne
269 3729 300 3779 s'e
321 3719 431 3782 mulier
452 3734 535 3784 extra
555 3722 706 3812 virtutum
737 3714 929 3806 cogitationes
961 3739 1104 3811 extraque
1132 3727 1231 3790 bello·
1244 3719 1283 3780 5⁰

129 3905 134 3920 Ι
203 3849 270 3888 rum
292 3848 377 3888 casus
400 3842 498 3910 putet,
521 3831 592 3913 ipsis
616 3831 786 3914 incipientis
809 3835 993 3896 matrimonii
1017 3837 1156 3918 auspiciis
1177 3833 1232 3894 ad·

205 3945 348 3999 monetur
369 3939 469 4000 venire
489 3939 680 4012 selaborum
699 3938 970 4028 periculorumque
989 3943 1122 4017 sociam,
1149 3941 1229 4006 idem

205 4043 236 4104 in
271 4061 364 4125 pace,
398 4039 479 4104 idem
503 4042 533 4104 in
563 4043 677 4126 praelio
712 4065 869 4128 passuram
904 4065 1116 4130 ausuramque.
1163 4046 1235 4106 lloo
