2914 4724
516 429 590 492 LlB.
614 427 638 495 l.
670 425 759 488 CAP.
780 427 917 494 ets-69.
1193 427 1234 495 49

205 619 275 672 rant
289 605 444 670 turbidum
464 607 617 688 ingenium
642 605 784 683 Helvetii,
805 601 921 666 Gallica
940 623 1025 686 gens,
1050 601 1124 666 olim
1143 607 1272 696 armispi
1286 623 1318 680 c.
1336 625 1394 698 69.)

206 719 417 798 virisquemox
437 713 579 774 memoria
593 711 827 788 nominisclara‚
848 711 887 772 de
907 710 999 770 caede
1011 709 1128 772 Galbae
1139 711 1234 793 ignari

206 835 236 884 et
254 821 369 883 Vitellii
391 821 549 903 imperium
570 821 747 884 abnuentes.
790 820 911 879 Initium
932 815 1011 877 bello
1032 817 1091 878 suit
1110 821 1234 882 avaritia

172 1010 176 1018 ,
205 951 239 989 ac
259 929 412 990 festinatio
435 929 688 988 unaetvicesimae
710 926 846 1008 legionis.
888 925 1063 1006 Repuerant
1075 929 1235 1007 pecuniam

176 1037 322 1102 5missem
342 1038 374 1098 in
394 1036 580 1118 stipendium
600 1031 734 1108 castelli,
757 1033 837 1114 quod
859 1031 932 1092 olim
953 1033 1082 1093 Helvetii
1101 1036 1162 1094 suis
1177 1033 1235 1094 mi·

81 1165 85 1176 ·
202 1121 307 1206 litibus
330 1167 364 1206 ac
393 1143 554 1226 stipendiis
584 1143 756 1202 tuebantur.
784 1141 900 1222 ·Aegre
928 1141 958 1199 id
987 1142 1063 1220 passi
1089 1139 1233 1218 Helvetii,

175 1229 178 1238 Ι
204 1252 379 1331 interceptis
401 1249 538 1332 epistolis
559 1267 635 1331 quae
671 1237 988 1308 nomine'Germaniei
1019 1249 1165 1308 exercitus
1194 1248 1233 1310 ad

203 1357 394 1418 Pannonicas
414 1357 545 1438 legiones
565 1354 758 1432 ferebantur,
790 1351 1000 1414 centurionem
1029 1365 1059 1413 et
1088 1355 1233 1436 quosdam

201 1464 332 1523 militum
351 1465 383 1524 in
401 1463 536 1524 custodia
556 1463 742 1524 retinebant.
786 1463 914 1522 Caecina
936 1459 1008 1522 belli
1032 1461 1138 1524 avidus
1154 1485 1232 1544 pro.

155 1555 307 1630 roximam
329 1591 478 1653 quamque
500 1570 630 1652 eulpam,
653 1581 817 1652 autequam
839 1572 1018 1652 paeniteret,
1043 1567 1231 1630 ultumibat.

100 1687 104 1694 ⁴
198 1679 284 1739 Mota
300 1699 434 1760 propere
458 1689 571 1752 castra,
596 1681 702 1739 vastati
725 1681 809 1758 agri,
832 1677 967 1758 direptus
988 1675 1078 1756 longa
1100 1697 1176 1756 pace
1198 1676 1229 1736 iu

127 1785 134 1791 ”
196 1783 321 1844 modum
336 1787 491 1866 municipii
513 1793 680 1846 exstructus
699 1785 797 1860 locus,
818 1803 945 1844 amoeno
959 1780 1128 1842 salubrium
1138 1803 1229 1866 aqua·

196 1910 265 1970 rum
283 1909 340 1950 usu
368 1889 522 1974 frequens.
565 1891 647 1951 Missi
680 1891 719 1950 ad
751 1889 890 1968 Raetica¹
908 1887 1016 1949 auxilia
1048 1891 1166 1971 nuntii,
1194 1901 1229 1952 ut

56 1989 64 2006 '
127 1982 295 2062 (issversos
316 1999 347 2057 in
370 1998 520 2082 legionem
543 1999 697 2061 Helvetios
724 2021 743 2060 a
771 2010 858 2082 tergo
885 1997 1134 2081 adgrederentur.
1178 1999 1228 2060 llll
1312 2043 1315 2057 ,

147 2107 184 2169 15
196 2113 267 2163 ante
283 2103 444 2164 discrimen
466 2107 591 2191 feroces,
614 2107 644 2164 in
657 2105 795 2198 periculo
805 2105 922 2187 pavidi,
943 2125 1113 2186 quenquam
1128 2105 1226 2186 primo

194 2208 329 2288 tumpltu
348 2208 510 2269 Claudium
543 2211 687 2282 Severum
714 2213 822 2271 ducem
853 2209 1011 2290 legerant,
1048 2231 1111 2270 nea
1141 2233 1224 2274 arma

192 2334 327 2392 noscere,
351 2334 414 2374 non
433 2313 556 2375 ordines
567 2317 663 2395 sequi,
689 2317 800 2374 nonin
821 2333 916 2373 unum
938 2313 1110 2376 consulere.
1152 2317 1224 2379 Exi-

192 2423 306 2482 tiosum
329 2419 473 2482 adversus
496 2431 651 2481 veteranos
673 2419 836 2503 praelium,
851 2418 948 2482 intuta
967 2420 1084 2482 obsidio
1103 2422 1222 2508 dilapsis

191 2539 339 2591 vetustate
360 2528 542 2590 moenibus'
573 2528 653 2588 Hinc
686 2528 817 2588 Caecina
846 2547 916 2588 cnm
949 2525 1049 2588 valido
1076 2535 1219 2613 exercitu,

146 2636 411 2698 aoindellaetiuae
431 2635 496 2697 alae
518 2635 718 2719 cohortesque
735 2646 767 2697 et
786 2639 921 2718 ipserum
933 2635 1096 2698 Raetorum
1110 2640 1219 2701 iuven·
1290 2669 1292 2675 ·

191 2755 249 2822 tus,
271 2755 355 2809 sueta
379 2743 469 2826 armis
490 2753 521 2806 et
542 2765 628 2805 more
648 2743 772 2806 militiae
793 2744 940 2820 exereita3
963 2745 1095 2827 undique
1114 2767 1216 2830 popu.

191 2851 263 2910 latio
284 2863 313 2911 et
333 2849 445 2916 caedes.
487 2850 547 2932 lpsi
569 2852 599 2912 iu
622 2851 721 2912 medio
744 2850 812 2932 vagi
836 2851 956 2932 abiectis
975 2852 1080 2931 armis,
1107 2876 1216 2960 mggna

189 2979 261 3038 pars
282 2957 375 3017 saucii
395 2968 447 3018 aut
467 2957 620 3038 palantes,
642 2960 673 3017 in
694 2969 826 3018 montem
848 2957 1009 3018 Vocetium
1042 2960 1216 3048 perfugere.

188 3066 231 3124 Ae
252 3066 353 3125 statim
373 3064 505 3125 immissa
524 3063 648 3139 cohorte
675 3065 830 3124 Thracum
861 3061 994 3146 depulsi,
1031 3073 1062 3124 et
1093 3086 1216 3127 eonsec-

95 3187 102 3194 '
137 3176 176 3240 25
188 3171 319 3238 tentibus
341 3173 499 3234 Germanis
520 3161 681 3253 Raetisque
704 3193 756 3254 per
776 3169 865 3232 silvas
887 3183 978 3252 atque
995 3172 1026 3230 in
1048 3169 1119 3251 ipsis
1141 3169 1215 3232 late-

185 3276 249 3341 bris
270 3279 427 3340 trucidati.
469 3281 567 3342 Multa
596 3281 753 3342 hominum
784 3278 867 3342 milia
896 3299 1000 3350 caesa,
1033 3275 1128 3338 multa
1155 3277 1213 3338 sub

187 3409 298 3448 corona
331 3388 512 3476 venundata.
555 3387 831 3471 Cumque'ssdirutis
867 3386 1008 3450 omnibus
1029 3384 1213 3446 Aventicum

184 3495 280 3576 gentis
301 3506 391 3576 caput
412 3495 490 3556 iusto
520 3497 638 3576 agmine
666 3507 839 3577 peteretur,
872 3498 952 3557 missi
982 3493 1037 3574 qui
1067 3491 1212 3554 dederent

185 3601 360 3680 civitatem3
384 3613 413 3663 et
435 3601 549 3662 deditio
571 3615 703 3686 accepta.
747 3605 782 3664 ln
803 3603 913 3664 lulium
930 3599 1076 3679 Alpinum
1097 3600 1211 3680 eprin-

138 3715 176 3775 30
188 3709 309 3790 cipibus
324 3719 357 3768 ut
377 3713 560 3770 concitorem
579 3709 650 3770 belli
672 3710 799 3770 Caecina
830 3706 1064 3772 animadvertit:
1096 3705 1210 3768 ceteios
1276 3725 1281 3732 “

119 3812 173 3893 69
186 3816 291 3876 veniae
312 3811 360 3874 vel
380 3815 519 3874 saevitiae
541 3815 657 3878 Vitellii
677 3807 807 3896 reliquit.
852 3811 941 3871 Haud
960 3811 1045 3877 Facile
1057 3813 1139 3875 dictu
1154 3824 1208 3892 est,

188 3967 456 3978 ,munau-m...

253 4057 294 4094 υ,
317 4043 369 4110 ipsi
385 4042 552 4110 noctisvagi
569 4042 621 4100 ΜἰΙ
