2890 4728
213 395 276 463 254
578 381 867 460 maronianus

53 571 78 641 (a
95 573 123 626 C.
142 576 196 646 70.)
290 573 402 653 Magna
422 587 493 650 pars
513 565 642 628 Iudaeae
663 566 738 627 vicis
762 565 964 648 dispergitur3
991 564 1102 629 babent
1125 571 1157 624 et
1179 559 1272 646 ops-8

207 681 289 764 pida..
331 674 541 756 Hierosolyma
560 678 656 754 gentis
684 683 784 754 caput.
825 671 892 732 lllie
919 673 1080 735 immensae
1106 669 1236 750 opulen-

206 771 266 848 tiae
288 783 448 866 templum,
468 794 504 863 et,
518 783 624 864 primis
644 781 837 842 munimentis
859 781 944 857 urbs,
966 779 1035 840 dein
1055 779 1148 860 aegia,
1162 789 1237 841 tem-

206 892 293 976 plum
311 893 425 952 intimis
447 887 595 950 clausurn.
637 887 688 947 Ad
718 888 796 948 lorea
827 897 947 948 tantum
976 885 1088 946 Iudaeo
1118 886 1236 963 aditus3
1283 978 1288 988 1

205 1000 332 1076 limine,
360 1006 480 1078 praeter
507 993 701 1068 sacerdotes,
734 993 927 1054 arcebantur.
980 993 1063 1052 Dum
1099 993 1266 1075 Assyrios5

206 1127 296 1187 penes
317 1105 487 1186 Medosque
509 1113 539 1164 et
555 1103 667 1164 Persas
691 1102 802 1164 Oriens
827 1102 904 1179 fuit,
924 1099 1147 1180 despectissima
1166 1121 1239 1181 pars

204 1211 418 1274 servientium:
450 1221 612 1292 postquam
634 1209 814 1270 Macedones
843 1217 1067 1288 praepotuere,
1092 1228 1142 1274 rer
1171 1209 1236 1266 An-

204 1318 328 1380 tiochus
349 1318 472 1378 demere
492 1318 734 1398 superstitionem
764 1327 794 1376 et
821 1336 916 1378 mores
942 1318 1135 1378 Graecorum
1162 1315 1238 1380 dare

206 1421 347 1497 adnisus,
369 1443 430 1502 quo
453 1422 551 1482 minus
571 1425 759 1483 teterrimam
780 1431 902 1502 gentem
922 1423 954 1480 in
965 1421 1072 1484 melius
1093 1434 1236 1500 mutaret,

204 1504 392 1588 Parthorum
413 1526 493 1588 hello
515 1529 685 1608 prohibitus
705 1539 769 1590 est:
802 1549 875 1605 nam
894 1549 930 1590 ea
952 1538 1129 1608 tempestate
1148 1533 1237 1592 Arsa·
1249 1549 1288 1590 to

206 1655 255 1694 ces
277 1633 454 1694 desciverat.
498 1633 578 1692 Tum
601 1633 708 1694 ludaei
732 1632 947 1697 Macedonibus
970 1633 1136 1716 invalidis,
1157 1639 1236 1700 Par.

192 1739 270 1803 athis
291 1740 431 1800 nondum
450 1739 564 1802 adultis
585 1744 627 1821 (et
649 1741 782 1801 Romani
809 1741 915 1822 procul
949 1749 1064 1821 erant),
1099 1741 1156 1804 sibi
1184 1743 1239 1824 ipsi

205 1866 290 1926 reges
316 1846 501 1928 imposuere;
537 1849 592 1930 qni
613 1849 784 1910 mobilitate
810 1851 892 1932 volgi
920 1850 1055 1932 expulsi,
1084 1863 1239 1932 resumpta

205 1975 263 2035 per
283 1974 368 2014 arma
386 1954 592 2018 dominatione
621 1959 707 2038 sugas
734 1959 868 2037 civium,
899 1960 1027 2020 urbium
1056 1962 1238 2037 eversiones,

206 2060 339 2120 fratrum
358 2067 523 2146 coniugum
542 2075 713 2144 parentum,
728 2087 819 2128 neces
844 2067 962 2147 aliaque
997 2066 1085 2128 solita
1117 2068 1239 2148 regibus
1252 2062 1288 2120 ¹5

208 2168 274 2228 ausi
294 2172 538 2251 superstitionem
560 2170 717 2250 fovebant,
739 2174 810 2252 quia
831 2171 934 2236 honor
954 2174 1112 2236 sacerdotii
1133 2177 1239 2236 firma·

206 2287 345 2336 mentum
358 2279 511 2358 potentiae
521 2279 741 2340 assumebatur.
771 2279 978 2342 Romanorum
990 2283 1105 2363 primus
1116 2274 1272 2352 Gnaeus9

207 2381 368 2464 Pompeius
390 2385 517 2446 ludaeos
536 2385 674 2462 domuit,
696 2387 906 2468 templumque
927 2389 995 2448 iure
1016 2392 1160 2452 victoriae
1190 2397 1238 2452 in-

206 2511 327 2567 gressus
346 2503 400 2559 est.
443 2492 518 2552 Inde
536 2493 691 2574 volgatum
710 2492 795 2554 nulla
823 2496 908 2554 intus
937 2496 1028 2556 deum
1061 2497 1157 2578 effigie
1183 2520 1237 2559 va.

155 2580 166 2592 ”
205 2617 293 2656 cuam
314 2597 415 2658 sedem
436 2611 467 2658 et
485 2602 585 2660 inania
607 2623 727 2662 arcana.
767 2600 853 2660 Muri
873 2601 1158 2688 Hierosolymorum
1190 2608 1288 2668 di-20

206 2705 294 2776 ruti,
317 2701 480 2762 delubrum
501 2705 621 2768 mansit.
662 2711 734 2768 Mox
754 2705 837 2766 civili
859 2708 938 2770 inter
955 2732 1012 2772 nos
1035 2712 1127 2790 bello,
1156 2728 1236 2797 post·

206 2827 298 2888 quam
331 2809 362 2864 in
391 2806 542 2870 dicionem
572 2815 667 2872 Marci
703 2813 830 2872 Antonii
858 2818 1037 2894 provinciae
1070 2835 1239 2900 cesserant,

207 2935 261 2974 rex
280 2913 465 2974 Parthorum
492 2917 625 2980 Pacorus
657 2919 767 2978 ludaea
799 2921 928 2999 potitus,
958 2925 1197 3010 interiectusque
1217 2953 1237 2990 a

206 3016 319 3078 Publio
339 3020 496 3098 Ventidio,
522 3035 552 3084 et
574 3025 682 3084 Parthi
705 3035 788 3082 trans
807 3025 988 3105 Euphraten
1017 3034 1153 3096 redacti:
1184 3040 1238 3098 ln-'

206 3125 296 3186 daeos
315 3127 406 3186 Gaius
437 3127 542 3188 Sosius
560 3130 688 3210 subegit.
731 3128 869 3210 Regnum
895 3135 936 3196 ab
962 3138 1097 3200 Antonio
1122 3143 1237 3204 Herodi
1246 3151 1287 3210 ιδ

209 3233 314 3294 datum
334 3236 434 3310 victor
455 3240 608 3318 Augustus
630 3241 720 3309 auxit.
763 3241 835 3302 Post
854 3255 985 3308 :nortem
1007 3245 1138 3307 Herodis
1157 3249 1236 3313 nihil

208 3352 377 3418 exspectato
398 3342 524 3404 Caesare
547 3347 632 3404 Simo
652 3347 777 3425 quidam
799 3350 915 3430 regium
936 3373 1045 3415 nomen
1070 3357 1233 3418 invaserat.

208 3447 236 3504 ls
257 3463 274 3502 a
295 3449 442 3523 Quintilio
464 3449 549 3510 Varo
572 3449 728 3515 obtinente
747 3453 866 3535 Syriam
891 3459 1035 3535 punitus3
1061 3469 1092 3526 et
1113 3473 1235 3542 gentem

206 3551 368 3612 coercitam
403 3555 494 3618 liberi
528 3555 662 3618 Herodis
690 3563 842 3641 tripartito
868 3583 980 3627 rexere
1021 3565 1085 3628 Sub
1105 3568 1235 3632 Tiberio

292 3803 317 3854 6.
333 3818 459 3868 pensatas
479 3807 531 3860 M2.
550 3823 590 3859 αι.
612 3814 685 3866 inter
702 3832 752 3868 uos
771 3817 808 3866 A:
827 3818 937 3870 interno
956 3819 1035 3870 CMR.

275 3913 316 3964 ²7·
337 3896 380 3948 M²
398 3897 443 3950 hic
462 3903 565 3964 simon,
593 3914 620 3958 ct
638 3924 660 3962 c.
685 3928 721 3963 m.
741 3913 824 3962 semel
846 3913 924 3962 Simo
962 3915 1035 3966 ldem
1066 3931 1091 3984 p.
1114 3918 1178 3980 265,
1207 3935 1232 3984 7.

207 4005 389 4046 matermortua.

499 4122 510 4162 l
