2890 4728
587 456 680 520 CAP.
703 457 833 524 10--1t
893 497 898 506 -
1039 449 1046 456 “
1117 415 1232 533 λ937Ι
1302 525 1309 536 ,

203 650 285 690 mero
310 635 437 695 conuicti
451 637 624 699 multantur.
668 637 742 702 Pars
752 639 863 726 multae
875 641 940 723 regi
957 643 1003 704 vel
1016 643 1142 726 civitati,
1157 669 1226 728 pars
1307 609 1315 720 l,
1334 663 1343 731 ῥ’

168 789 175 806 ,
202 739 258 817 ipsi
281 739 332 819 qui
345 730 516 806 vindicatur
538 745 585 809 vel
605 747 783 829 propinquis
804 749 867 808 eius
886 739 1071 812 exsolvitur(
1100 752 1226 835 Eliguu·
1319 747 1377 796 '.

188 855 251 903 aur
272 845 302 904 in
332 849 423 910 isdem
457 853 591 914 conciliis
619 867 648 916 et
674 857 845 936 principes,
872 856 924 936 qui
955 857 1021 917 iura
1051 879 1104 939 per
1135 881 1229 942 pagos
1325 936 1335 944 ,Ἴ

199 953 339 1036 vicosque
359 957 500 1020 reddunt.
543 961 669 1022 Centeui
690 962 815 1042 singulis
835 983 868 1022 ex
887 962 974 1046 plebs
995 964 1129 1041 comiter,
1151 987 1226 1030 eon·

171 1055 296 1126 §silium
322 1065 412 1125 simul
433 1075 465 1126 et
486 1071 667 1143 auctoritas,
692 1077 806 1128 assunt.
991 1073 993 1078 ’

135 1163 188 1242 18
279 1169 364 1231 Nihil
381 1182 489 1235 autern
511 1195 610 1256 neque
636 1174 774 1256 publicae
805 1195 903 1256 neque
930 1176 1066 1256 privatae
1095 1179 1137 1239 rei
1166 1181 1224 1242 nisi

197 1276 305 1334 armati
328 1288 433 1357 agunt.
475 1279 533 1340 Sed
554 1301 639 1340 arma
661 1301 778 1340 sumere
797 1301 860 1341 non
883 1293 952 1343 ante
967 1285 1107 1364 cuiquam
1129 1287 1235 1350 moris·

195 1395 287 1461 quam
309 1381 417 1446 civitas
438 1383 631 1446 suffecturum
657 1387 839 1470 probaverit
882 1367 964 1448 Tuln
992 1388 1023 1448 in
1050 1390 1116 1469 ipso
1147 1411 1221 1450 con-

193 1486 263 1550 cilio
285 1489 333 1549 vel
354 1491 527 1572 principum
549 1491 656 1574 aliquis
676 1491 724 1554 vel
746 1504 829 1574 pater
852 1493 900 1554 vel
923 1493 1109 1576 propinquus
1133 1505 1221 1558 scuto

148 1595 366 1680 10frameaque
398 1601 539 1661 iuvenem
568 1609 688 1661 ornant.
730 1601 813 1664 Haec
845 1603 925 1683 apud
955 1602 1021 1663 illos
1051 1613 1136 1684 toga,
1170 1605 1220 1666 hic
1263 1643 1267 1650 «

191 1704 306 1782 primus
337 1709 479 1768 iuventae
509 1707 626 1788 honos3
662 1720 732 1776 ante
761 1707 821 1769 boc
841 1709 947 1771 domus
967 1729 1038 1792 pars
1066 1710 1219 1789 ridentur,

192 1823 259 1873 mox
291 1815 335 1873 rei
364 1799 513 1894 publicae.
535 1815 679 1899 ‘Insignis
708 1815 848 1879 nobilitas
880 1829 933 1878 aut
966 1837 1072 1899 magna
1100 1829 1220 1898 patrum

190 1921 296 1979 merita
312 1923 456 2003 principis
472 1922 677 2004 dignationem
690 1925 781 1990 etiam
792 1923 1025 1986 adulescentulis
1045 1925 1218 2006 assignanti

189 2030 296 2087 ceteris
321 2029 542 2090 robustioribus
563 2053 599 2090 ac
620 2034 679 2090 inm
701 2011 825 2109 pridem
845 2031 981 2108 probatis
1002 2030 1218 2111 adgregantur.

140 2131 248 2202 15'Nee
270 2135 365 2194 rubor
386 2139 468 2195 iuter
495 2137 617 2194 comites
639 2135 743 2214 aspici.
785 2133 904 2194 Gradus
933 2133 1005 2214 quin
1035 2137 1125 2195 etiam
1158 2139 1219 2217 ipse

189 2241 350 2298 comitatus
376 2237 468 2296 habet
495 2236 607 2296 iudicio
640 2239 704 2297 aius
723 2227 814 2316 quern
844 2243 1019 2318 sectantur3
1051 2257 1218 2324 magnaque

190 2355 219 2404 et
245 2329 392 2403 coniiturn
409 2341 578 2418 aemulatio,
600 2341 708 2424 quibus
725 2342 840 2423 primus
855 2344 935 2424 apud
948 2346 1116 2426 prinoipem
1130 2369 1218 2409 suum

188 2453 288 2530 loeus,
310 2463 341 2514 et
358 2453 550 2534 principum,
572 2453 621 2510 cui
638 2446 761 2530 plurimi
782 2460 811 2510 et
822 2451 963 2511 acerrimi
984 2455 1114 2514 comites·
1136 2453 1218 2516 Haec

189 2559 339 2644 dignitas,
368 2560 425 2621 hae
463 2559 560 2635 vires3
589 2577 697 2640 magun
723 2577 841 2638 semper
870 2557 1036 2620 electorum
1069 2561 1216 2622 iuvenum

141 2667 277 2750 aoglobo
299 2665 482 2730 circumdari
504 2666 534 2726 in
557 2685 630 2747 pace
650 2663 755 2741 decus,
774 2666 807 2742 iu
830 2663 911 2726 bello
930 2665 1126 2747 praesidium.
1155 2659 1216 2728 Nee
1290 2711 1295 2718 ·

185 2774 284 2835 'solum
307 2775 337 2834 in
359 2795 412 2833 sua
434 2780 522 2853 gente
540 2771 667 2852 cuique,
692 2765 743 2832 sed
765 2767 846 2850 apud
867 2769 1007 2831 finitimas
1027 2786 1149 2855 quoque
1171 2778 1214 2836 ei·

189 2875 296 2941 litates
318 2882 350 2941 id
374 2901 503 2957 nomen,
538 2901 571 2938 ea
594 2881 688 2961 gloria
710 2892 765 2958 est,
784 2883 809 2940 si
831 2901 958 2942 numero
981 2899 1016 2938 ae
1036 2883 1150 2942 virtute
1166 2904 1214 2943 co·

188 2989 311 3046 usitatus
332 2989 478 3048 emineat:
502 2995 679 3066 expetuntur
698 2991 779 3047 euim
801 2986 998 3068 legationibus
1026 2997 1054 3045 et
1075 2991 1212 3048 muneri.

125 3079 417 3162 ilibusornantur
438 3105 467 3154 et
486 3095 552 3174 ipsa
573 3092 753 3176 plerumque
765 3094 931 3158 famabella
953 3091 1121 3174 proiligant.
1137 3095 1212 3156 Cum

139 3201 311 3262 25ventu1n
333 3205 364 3261 in
385 3203 498 3284 aciem,
523 3212 614 3281 turpe
635 3200 767 3281 principi
791 3201 902 3262 virtute
925 3200 1022 3272 vinci,
1053 3212 1141 3280 turpe
1161 3221 1212 3261 co·
1289 3228 1291 3234 ¹

188 3311 306 3370 mitatui
328 3311 475 3370 virtutem
498 3307 642 3388 principis
664 3325 724 3366 uon
746 3307 928 3389 adaequare.
972 3309 1034 3366 lam
1065 3327 1137 3366 vero
1165 3307 1213 3366 in-

187 3415 265 3477 fame
287 3417 317 3476 iu
340 3431 461 3478 omnem
483 3417 633 3476 vitamne
656 3413 837 3503 probrosum
859 3414 1051 3496 superstitem
1085 3413 1212 3496 principi
1294 3407 1296 3414 ¹

181 3570 396 3584 -oen—-u-

186 3671 237 3713 tur.
274 3664 412 3730 Praeterea
431 3662 453 3712 ai
470 3661 498 3710 in
520 3659 653 3712 librorum
673 3662 802 3730 scriptura
819 3661 968 3716 levioribus
986 3657 1093 3712 delictis
1111 3660 1211 3729 accipis
1248 3727 1278 3742 η

186 3759 402 3824 predicatore
421 3756 622 3817 detinemur,
652 3755 783 3824 porticula
813 3769 839 3808 et
863 3769 1049 3824 supervacuus
1079 3759 1137 3818 est,
1168 3752 1210 3802 siu

161 3838 163 3847 '
187 3853 280 3902 codem
301 3854 380 3904 rerba
400 3870 415 3904 a
436 3853 555 3906 corruisti
572 3851 709 3923 pendent,
740 3858 873 3904 structura
898 3850 1023 3902 intricata
1043 3858 1084 3901 cst
1110 3865 1140 3898 ac
1164 3843 1226 3920 vin'

188 3949 293 4000 Latina.

261 4046 298 4096 1⁵.
312 4042 410 4109 etium]
429 4045 510 4096 etiam
530 4057 556 4098 et
574 4042 673 4110 vulgo:
692 4056 719 4093 et
737 4041 812 4092 deest
830 4040 901 4092 libro
919 4037 1133 4093 vindobonensi.
