2886 4726
492 323 924 390 tinnuerunt-as.
982 409 983 412 Ν
1098 409 1101 412 ¹
1171 325 1231 392 aas

202 529 288 568 versa
309 507 419 588 longae
442 507 526 587 pacis
544 528 660 588 opero,
691 505 773 564 lraud
800 503 908 584 procul
928 504 1034 564 castris
1055 505 1086 564 in
1107 505 1231 570 modurn
1245 513 1271 580 (a
1286 509 1314 560 C.
1333 507 1388 578 ep)

202 615 358 696 municipii
382 623 555 702 exstructa,
586 637 623 675 ue
645 611 783 678 bos'tibus
803 613 870 672 usui
891 611 1003 672 serent.
1044 611 1104 672 Sed
1125 633 1232 692 parurn

201 721 380 804 provisum,
402 733 435 781 ut
459 722 562 804 copiae
583 725 614 780 in
636 731 735 784 castra
758 718 1018 780 conveherentur:
1039 721 1104 800 rapi
1123 721 1247 812 penui-1

205 851 278 889 sere.
320 831 366 890 lta
387 830 491 912 paucis
513 829 617 891 diebus
639 847 697 911 per
718 827 872 890 licentiam
893 825 1051 908 absumpta
1067 835 1140 888 sunt
1159 847 1237 908 quae

175 937 351 1000 §adversus
382 939 572 1000 necessitates
603 938 634 1000 in
665 935 790 1016 longum
811 933 1005 1000 suffecissent.
1047 931 1151 994 Civilis
1173 955 1236 996 me·
1307 929 1311 937 '

205 1043 288 1103 ilium
321 1065 430 1126 agmen
462 1064 530 1102 cusu
566 1042 681 1103 robore
702 1041 883 1101 Batavorum
915 1040 1056 1100 obtinens
1077 1049 1235 1118 utramque

203 1147 300 1208 Rheni
322 1150 440 1230 ripam,
471 1170 532 1230 quo
554 1145 760 1208 truculentior
788 1144 977 1218 titularet,
1009 1149 1237 1218 Germanorum

98 1247 103 1252 ’
203 1257 332 1318 catervis
360 1252 509 1332 complet,
540 1252 703 1314 assultante
734 1273 786 1332 per
816 1255 1080 1340 camposeqnite.
1139 1251 1238 1310 Simul

205 1381 295 1420 naves
316 1361 347 1422 iu
370 1357 528 1420 adversum
551 1379 670 1418 atnnem
695 1358 872 1437 agebantur.
927 1359 1006 1416 lliuc
1026 1366 1237 1421 veteranarum

156 1465 375 1536 monhortium
397 1463 500 1544 signu,
532 1457 603 1524 inde
626 1455 824 1546 depromptae
845 1462 928 1526 silvis
948 1462 1082 1544 lucisque
1102 1463 1234 1524 serarum

200 1567 364 1656 imagiueq,
395 1580 429 1628 ut
454 1572 562 1651 cuique
590 1574 671 1652 genti
692 1571 771 1631 inire
791 1570 941 1652 praelium
963 1590 1029 1652 tuos
1049 1581 1113 1645 est,
1143 1572 1235 1630 mixta

183 1676 271 1738 'belli
293 1675 393 1736 civilis
415 1677 594 1758 externique
615 1678 690 1744 facie
710 1677 978 1758 obstupefecerant
999 1677 1144 1741 obsessos.
1194 1675 1234 1736 Et

201 1805 281 1864 spem
301 1785 543 1864 oppugnantium
574 1785 710 1864 augebat¹
733 1775 903 1864 amplitudo
928 1781 1019 1861 valli,
1049 1781 1133 1864 quod
1155 1781 1233 1842 dua-

201 1888 258 1950 bus
276 1887 446 1970 legionibus
467 1892 557 1950 situm
579 1893 627 1950 vix
651 1891 785 1972 quinque
800 1889 881 1952 milia
898 1902 1089 1950 armatorum
1103 1889 1234 1950 tuebou-

153 2005 187 2065 15
200 2007 260 2058 tur.
301 1999 361 2059 Sed
383 1997 512 2058 lixarum
536 1997 699 2064 multitudo
720 1997 843 2058 turbata
865 2017 942 2075 pace
961 1995 1032 2056 illuc
1052 2004 1233 2074 congregata

133 2097 188 2178 23
202 2117 230 2166 et
252 2106 333 2166 bollo
356 2107 492 2167 ministra
514 2103 629 2164 aderat.
671 2105 745 2166 Pars
765 2114 934 2160 castrorum
954 2102 986 2158 iu
1021 2096 1129 2158 collem
1158 2100 1233 2157 leui-

203 2223 250 2271 ter
272 2231 457 2288 exsurgens,
489 2228 555 2285 pars
579 2228 673 2288 aequo
694 2207 842 2268 adibatur.
885 2205 1005 2284 Quippe
1040 2199 1099 2261 illis
1130 2201 1232 2260 hiber·

115 2355 118 2365 ι
206 2319 253 2376 uis
278 2313 410 2374 obsideri
433 2313 589 2392 premique
611 2311 788 2370 Germanias
811 2315 960 2390 Augustus
974 2308 1158 2386 crediderat,
1179 2329 1232 2368 ne·

209 2440 269 2504 que
293 2437 424 2500 unquam
447 2417 478 2476 id
502 2415 672 2494 malorum,
702 2424 736 2474 ut
757 2422 967 2496 oppugnatum
997 2413 1083 2473 ultro
1105 2414 1232 2494 legiones

286 2625 310 2684 3.
328 2637 360 2685 ut
380 2625 505 2694 Lipsius:
525 2621 600 2679 ΒΜἓι
619 2624 665 2684 vi,
683 2621 766 2676 ceteri
789 2621 828 2674 ni.
850 2618 859 2640 ⁹

187 2771 189 2776 ,
213 2715 214 2720 ’
271 2736 312 2778 ro.
330 2717 375 2768 lda
395 2719 511 2786 inungue
526 2753 534 2782 ,
552 2733 607 2768 nou
625 2717 749 2795 lucisque
766 2723 797 2768 ut
809 2715 835 2768 »C
856 2721 884 2764 ct
902 2713 958 2767 alii.

274 2811 315 2878 tq..
334 2821 503 2861 armatorum
523 2811 555 2863 B:
584 2813 666 2862 ceteri
694 2822 862 2863 armatorum
880 2810 1071 2862 Romanorum.
1096 2835 1131 2850 ··-
1147 2810 1232 2871 ,Wal-

200 2904 294 2956 theru·
313 2915 482 2956 armatorum
500 2903 681 2968 Romanorum
699 2905 750 2957 hac
768 2904 954 2974 disputatione
965 2903 1102 2959 vindicare
1116 2919 1231 2974 esposse

201 2997 327 3050 eredidit.
343 2997 466 3060 „armni
485 2997 601 3050 Romani
617 2993 800 3052 suut‘milites
817 2999 978 3066 legionarii,
1012 3015 1127 3068 quorum
1149 3002 1231 3068 quin-

202 3105 256 3161 que
274 3091 362 3142 millia
381 3097 438 3141 tum
458 3087 542 3142 tuisse
554 3092 583 3142 in
595 3092 686 3144 castris
698 3100 791 3146 noster
810 3094 906 3148 dicit.“
941 3093 1012 3147 sane
1022 3092 1133 3144 nonnisi
1145 3093 1231 3160 legio-

202 3185 293 3238 narios
313 3201 347 3236 ex
364 3182 467 3252 praelio
487 3199 547 3234 cum
565 3185 670 3236 Batavis
688 3185 767 3238 modo
787 3190 927 3239 commisso
948 3189 1063 3242 evasisse
1088 3188 1118 3238 in
1136 3193 1230 3250 castra,

201 3277 303 3350 quibua
321 3278 448 3330 Veterum
469 3292 587 3340 nomen,
609 3294 641 3330 er
662 3294 684 3328 c.
707 3282 744 3344 ts.
765 3281 861 3351 liquet.
898 3281 952 3334 Sed
969 3283 1030 3352 quis
1051 3281 1104 3332 hac
1120 3279 1231 3350 quidem

202 3382 310 3436 aetate,
328 3388 385 3442 ,qua
403 3375 485 3434 eliam
506 3372 644 3441 legionum
667 3376 771 3434 numeri
787 3377 931 3440 maximam
958 3383 1062 3444 partem
1094 3391 1126 3425 ex
1151 3389 1231 3443 pere-

201 3471 285 3540 grinis
304 3467 446 3538 compositi
467 3477 557 3530 eraut,
576 3481 697 3521 armatos
716 3472 851 3522 Romanos
869 3465 1066 3540 appellaverit?
1086 3485 1118 3520 ac
1136 3469 1230 3522 sitisti

130 3564 132 3568 ’
201 3565 230 3618 id
246 3571 353 3642 potest,
372 3572 402 3614 ut
419 3563 562 3631 legionarii
580 3565 699 3638 oppositi
717 3566 896 3618 auxiliaribus
915 3566 954 3616 sie
973 3563 1156 3632 appellentur,
1183 3581 1231 3616 eur
1258 3563 1260 3567 ’
1300 3563 1305 3570 ’

203 3661 304 3712 armati
323 3659 455 3719 Romani,
477 3665 505 3709 et
522 3671 578 3732 uon
597 3657 722 3710 absolute
739 3659 873 3712 Romani?
889 3661 973 3710 immo
991 3651 1066 3711 nulla
1092 3656 1144 3711 heic
1169 3659 1229 3709 loco
1280 3712 1281 3716 ,
1336 3659 1337 3662 ’

203 3753 339 3826 oppositio
361 3752 415 3804 nisi
433 3751 505 3802 iuter
522 3764 643 3804 armatos
660 3761 688 3804 et
705 3755 832 3806 inermem
852 3753 1073 3822 multitudinem
1091 3763 1120 3806 ct
1142 3754 1230 3805 utriu-

203 3860 257 3914 que
275 3851 330 3894 tam
352 3848 483 3897 Romanos
501 3861 580 3914 quam
601 3849 757 3916 peregrinos
775 3848 859 3898 fuisse
885 3849 931 3899 rix
957 3847 1078 3900 dubium.
1115 3849 1150 3898 Ut
1177 3843 1228 3895 boe
1293 3899 1296 3908 ,

105 3953 108 3963 ·
202 3937 263 3988 loeo
281 3941 383 3994 armati
403 3941 543 4003 absolute,
565 3945 604 3994 sie
623 3924 734 4012 quoque
753 3943 795 4004 ΙΙ,
813 3945 854 4012 87·
874 3946 915 3998 88.
929 3945 983 4007 ΙΙΙ,
1007 3947 1044 3997 13.
1064 3944 1104 3994 33.

963 4039 1034 4105 ,14
