2890 4728
594 390 678 451 CAP.
702 395 793 456 9-*5-
892 339 895 356 ¹
931 340 933 352 ·
1139 394 1194 456 281

181 573 249 632 soni
270 581 298 632 et
321 571 447 632 fractum
471 591 624 647 murmur,
655 571 780 632 obiectis
805 567 843 630 ad
864 587 896 628 os
918 565 1029 638 scutis,
1050 587 1110 648 quo
1133 568 1198 648 ple.

180 679 249 738 nior
280 689 310 740 et
344 680 463 761 gravior
476 701 544 741 .vox
566 700 744 762 repercussu
779 681 969 740 intumescat.
1012 674 1151 736 Ceterum
1170 687 1200 736 et

178 782 299 857 Ulirem
322 784 443 866 quidam
466 787 630 868 opinantur
648 783 736 865 longo
757 783 810 842 illo
831 791 863 842 et
883 781 1023 842 ,sabuloso
1041 801 1145 842 errore
1168 782 1199 842 in

180 893 263 953 hu'nc
280 893 438 954 Oceanum
461 896 595 956 delatum
614 893 710 954 adisse
728 889 906 960 Germaniae
925 899 1033 966 terras,
1055 889 1199 978 Ascibur-

150 996 340 1082 5ginmque,
375 1005 458 1086 quod
479 1007 511 1064 in
534 1006 598 1086 ripa
619 983 718 1063 Rheni
741 1004 831 1060 situm
865 998 1014 1080 hodieque
1041 998 1198 1076 incolitur,

179 1107 218 1166 ab
239 1107 291 1168 illo
313 1105 511 1174 constitutum
530 1109 799 1194 nominatumque3
823 1130 905 1170 aram
929 1110 1001 1189 quin
1019 1105 1108 1166 etiarn
1118 1104 1200 1164 Ulixi

178 1201 403 1291 consecratam,
438 1219 556 1279 adiecto
577 1220 704 1279 Laertae
725 1218 816 1299 patris
838 1217 977 1291 nomine,
1004 1214 1108 1275 eodem
1129 1211 1200 1274 loco

177 1321 250 1384 olim
272 1335 433 1406 repertam,
444 1327 698 1408 monimentaque
717 1337 746 1386 et
767 1325 896 1386 tumulos
916 1323 1059 1406 quosdam
1080 1321 1199 1380 Graecis

177 1424 285 1490 litteris
306 1433 464 1512 inscriptos
486 1435 517 1492 in
540 1433 673 1493 confinio
696 1435 875 1493 Germaniae
896 1431 1079 1514 Raetiaeque
1100 1425 1205 1522 adhuc
1240 1443 1242 1450 ’

131 1544 298 1594 roexstare.
323 1551 325 1556 ·
343 1539 429 1616 Quae
448 1561 546 1622 neque
570 1542 751 1602 confirmare
771 1539 957 1622 argumentis
970 1534 1081 1620 'neque
1111 1534 1199 1596 refel-

175 1643 237 1702 lere
258 1647 288 1703 in
310 1647 411 1707 animo
432 1656 492 1708 est:
517 1669 551 1720 ex
571 1649 691 1731 ingenio
714 1669 769 1710 suo
790 1647 914 1731 quisque
930 1640 1031 1708 demat
1053 1644 1099 1712 rel
1110 1641 1200 1702 addat

139 1733 273 1816 [elidem.
317 1753 383 1832 lpse
404 1774 510 1814 eorum
529 1756 722 1836 opinionibus
746 1755 866 1832 accedo,
889 1757 940 1838 qui
952 1754 1132 1814 Germaniae
1145 1769 1199 1831 po·

173 1855 260 1938 pulos
282 1857 372 1920 nullis
393 1860 520 1922 aliarum
543 1865 698 1924 nationum
718 1863 880 1944 connubiis
904 1860 1027 1922 infectos
1043 1846 1196 1946 propriam

175 1973 205 2022 et
225 1965 373 2024 sinceram
394 1976 557 2029 attentum
579 1973 624 2031 sni
646 1968 774 2031 similem
803 1979 920 2050 gentem
942 1963 1087 2028 exstitisse
1116 1963 1197 2024 arhi-
1234 1961 1236 1968 ’

37 2071 38 2084 ’
130 2075 300 2136 r5trantur.
342 2072 435 2132 Unde
455 2073 576 2132 habitus
615 2095 736 2154 quoque
769 2093 948 2152 corporum,
971 2093 1145 2154 quanquam
1165 2073 1195 2130 in

119 4101 121 4127 l

174 2186 261 2236 tauto
283 2177 439 2236 hominum
459 2195 605 2254 numero,
627 2177 707 2236 idem
730 2175 891 2254 omnibus,
911 2186 1067 2258 truccset
1087 2178 1212 2238 cn'eru-¹

176 2281 215 2343 lei
229 2278 333 2363 oculi,
354 2281 463 2343 rutilae
487 2303 600 2356 comae,
625 2305 731 2364 magna
752 2304 877 2363 corpora
898 2295 928 2344 et
949 2294 1066 2344 tantum
1087 2284 1125 2344 ad
1139 2286 1197 2344 im.

174 2402 277 2474 petum
299 2367 410 2452 valida.
455 2391 580 2452 Laboris
601 2401 693 2474 atque
712 2413 835 2472 operum
858 2413 918 2452 non
946 2392 1050 2454 eadem
1078 2395 1197 2474 patien-

175 2502 234 2574 tia¹;
269 2499 452 2579 minimeque
483 2500 562 2558 sitim
591 2509 766 2580 aestumque
797 2498 953 2576 tolerare„
978 2501 1198 2583 frigescatque

130 2626 167 2664 20
178 2606 307 2666 inediam
329 2607 412 2671 caelo
434 2607 534 2668 solove
555 2618 761 2692 assueverunt.
899 2615 908 2648 ⁸

142 2703 166 2780 5
256 2717 351 2775 Terra
372 2717 425 2776 etsi
446 2715 600 2796 aliquanto
620 2716 715 2794 specie
730 2711 840 2786 differt,
862 2713 892 2772 in
908 2717 1080 2802 universum
1093 2699 1203 2778 tamen

177 2831 228 2880 aut
252 2819 333 2882 silvis
354 2817 481 2879 horrida
505 2831 557 2878 aut
577 2817 735 2900 paludibus
755 2818 851 2898 foeda,
872 2819 1027 2882 humidior
1047 2843 1106 2903 qua
1123 2821 1196 2882 (lal-

181 2973 410 2987 ...μ-Μ

252 3063 289 3118 ι3.
309 3060 406 3132 nullis]
421 3062 533 3114 Codices
558 3063 642 3114 natta
668 3066 739 3116 aliis.
755 3036 956 3117 ¹--nldiectnm
986 3069 1050 3120 aliis
1076 3081 1090 3116 e
1118 3067 1197 3118 'l'aci-

178 3157 244 3206 tinis
276 3155 452 3207 amovendum
481 3155 573 3224 Lipsio
606 3159 749 3222 assentior,
777 3159 859 3230 idque
888 3161 944 3212 sive
961 3177 994 3210 es
1021 3159 1196 3230 praecedente

145 3237 150 3247 ⁵
179 3251 263 3306 nullis
294 3265 341 3320 per
368 3249 575 3322 dittographiam
594 3255 650 3304 sive
668 3271 701 3306 ex
728 3254 910 3326 subsequente
938 3257 1057 3310 aliorum
1084 3257 1196 3308 fortuita

178 3346 342 3416 repetitione
361 3351 454 3398 natum
472 3365 529 3398 esse
548 3347 648 3402 iudico.
690 3349 828 3402 Passovius
847 3359 884 3404 ut⁴
897 3344 964 3404 hauc
990 3367 1080 3403 rocem
1102 3350 1197 3403 deleu-

179 3441 225 3492 dat
246 3441 359 3494 licenter
375 3442 574 3512 παραφράζει,
591 3445 745 3500 Waltherns
762 3447 821 3498 alia
840 3447 959 3500 aliarum
977 3447 1118 3500 nationum
1131 3466 1195 3501 con-

178 3519 264 3588 nulr'a
285 3551 342 3588 esse
369 3552 437 3606 quae
466 3537 612 3590 alienatio
632 3539 762 3590 cumalia
789 3543 819 3591 in
836 3517 921 3600 ricem
948 3539 1023 3591 ineat
1050 3541 1197 3593 contendit.

178 3615 232 3682 Sed
261 3629 314 3684 hoc
338 3647 427 3701 neque
447 3647 538 3682 verum
557 3640 597 3683 est
619 3633 764 3700 (eiusmodi
792 3635 927 3686 connubia
943 3624 1116 3704 pronrircua,
1144 3654 1198 3688 non

179 3724 238 3775 alia
257 3725 374 3778 aliarum
399 3727 544 3784 arationum
573 3727 768 3795 appellantur),
800 3744 889 3796 neque
922 3743 952 3778 ea
980 3732 1112 3782 sententia
1136 3731 1200 3782 hnic

179 3817 238 3867 loco
248 3822 387 3874 nononis.
426 3821 540 3874 Mirifice
557 3821 702 3890 Lougoliu's
721 3824 805 3874 rzullr‘s
819 3823 883 3875 aliis
895 3819 1088 3892 interpretatas
1099 3823 1199 3876 durch·

183 3929 232 3962 ares
251 3910 336 3965 durch
355 3915 432 3969 heina
450 3917 567 3977 andere,
599 3918 677 3986 quasi
695 3917 805 3970 Tacitus
831 3917 958 3970 affirmare
987 3920 1103 3977 voluerit
1128 3937 1198 3970 nuu-

152 4075 154 4078 .
184 4021 262 4073 (quam
278 4008 401 4092 ¹puellam
424 4011 556 4094 Baeticam
575 4013 617 4066 vel
637 3997 766 4064 Gallicam
788 4015 909 4080 nupsisse
931 4013 1093 4084 Germano.p
