2886 4726
1115 315 1119 350 l

543 385 619 476 ua.
643 413 697 476 1v.
722 415 813 501 oar.
837 411 933 480 a-s.
1172 416 1230 480 197

203 576 646 679 labatur31squepraecipuus
671 571 821 675 illinies,
854 613 981 678 magnae
1010 591 1141 654 offensae
1169 591 1227 655 ini·
1240 601 1269 664 (a
1292 595 1321 651 C.
1338 599 1395 666 69.)

202 700 283 758 tium
303 709 333 760 et
351 699 479 784 magnae
501 703 616 786 gloriae
634 702 711 766 tuin·
1104 695 1113 704 “

168 803 194 883 5
257 813 259 818 '
283 798 343 868 iles
362 829 489 889 poscere
510 810 653 890 ridetur,
677 809 748 892 quie
769 809 881 872 iterum
902 811 933 870 in
955 807 1139 870 mentionem
1152 806 1228 869 inci-

202 909 299 972 dimus
327 917 384 975 viri
412 915 529 999 saepius
550 917 767 992 memorandi,
802 925 837 976 ut
858 915 952 976 vitam
976 913 1136 996 studiaque
1155 917 1229 992 eius,

174 1009 232 1078 Set
250 1022 331 1102 quali
342 1023 472 1084 'fortuna
494 1025 532 1084 sit
552 1043 644 1099 usus,
674 1023 775 1102 paucis
794 1032 937 1101 repetam.
981 1017 1137 1081 Heluidius
1157 1019 1229 1080 Pri-

199 1132 268 1187 's'cus
291 1129 478 1190 Tarracinae
512 1127 702 1207 municipio,
734 1113 983 1206 Cluvio'tpatre,
1013 1129 1065 1210 qni
1087 1125 1230 1186 ordinem
1277 1155 1281 1171 ·

199 1233 345 1314 primipili
367 1235 509 1315 duxisset,
531 1237 684 1318 ingenium
706 1216 832 1311 illustre
845 1233 1004 1294 altioribus
1019 1231 1126 1294 stadiis
1143 1231 1231 1293 inve.

201 1341 249 1399 nis
269 1339 433 1403 admodum
452 1342 557 1420 dedit,
573 1358 637 1402 ¹non
659 1351 692 1400 ut
712 1339 866 1421 plerique,
888 1349 922 1400 ut
937 1343 1058 1400 nomine
1072 1340 1230 1419 magnifico

199 1467 290 1527 segne
319 1451 416 1506 otium
445 1443 579 1520 velaret,
601 1443 664 1504 ¹sed
693 1465 755 1524 quo
782 1445 898 1503 firmior
928 1444 1071 1536 adversus
1105 1441 1228 1502 fortuita

155 1575 261 1619 torem
291 1553 444 1634 publicam
474 1561 650 1632 capesseret.
692 1552 842 1612 Doctores
862 1551 1024 1632 supientiae
1046 1549 1165 1611 secratu's
1187 1561 1230 1611 est

196 1665 250 1743 qui
283 1659 348 1732 sola
379 1661 461 1720 bona
491 1679 568 1742 quae
595 1657 745 1735 honesta,
774 1643 854 1718 mala
877 1667 995 1736 tantam
1013 1679 1092 1739 quae
1114 1661 1227 1739 turpia,

97 1767 98 1780 ¹
165 1768 168 1780 “
197 1747 361 1847 potentiam
381 1761 571 1824 nobilitatem
596 1773 757 1843 ceteraque
779 1773 861 1824 extra
881 1759 1014 1824 animum
1031 1765 1231 1846 nequebnnis

198 1867 308 1950 neque
330 1869 416 1931 malis
445 1870 659 1952 ,adnumerant
714 1871 911 1947 Quaestorius
946 1853 1060 1932 adhuc
1081 1895 1098 1932 a
1121 1857 1230 1934 'Paeto

197 1958 330 2037 Thrasea
357 1999 451 2055 genter
479 1977 616 2040 delectus
641 1999 659 2039 e
686 1979 821 2039 moribus
850 1979 943 2038 soceri
970 1979 1047 2038 nihil
1076 1999 1171 2062 aeque
1195 2001 1230 2040 ee

68 2109 74 2113 ·
155 2083 368 2145 tblibertatem
383 2085 494 2164 hausit,
507 2085 582 2146 civis
598 2097 723 2154 senator
736 2083 866 2147 maritus
875 2103 967 2162 gener
981 2083 1103 2161 amicus,
1114 2085 1231 2146 cnuctis

181 2191 280 2250 ''vitae
302 2189 409 2248 officiis
432 2186 614 2266 aequabilis,
638 2209 732 2271 opum
753 2199 964 2268 contemptor,
988 2187 1063 2247 recti
1077 2189 1230 2268 pervicax,

168 2295 345 2373 6constans
367 2291 513 2354 adversus
531 2303 639 2354 metus.
681 2295 777 2352 Erant
799 2293 909 2372 quibus
924 2295 1231 2374 appetentior'l'emac

151 2449 155 2456 .
202 2381 374 2480 videretul,
396 2401 517 2483 quaudo
538 2399 629 2460 etiem
652 2397 834 2479 sapientibus
860 2398 970 2480 cupido
992 2397 1107 2482 gloriae
1129 2403 1230 2463 no'vis-
1277 2386 1280 2396 ⁵

203 2509 279 2570 sima
302 2511 430 2570 exuitur.
471 2509 571 2568 Ruina
593 2507 688 2569 soceri
713 2509 743 2566 in
770 2505 902 2566 exsilium
924 2507 1045 2588 pulsus,
1067 2514 1102 2568 ui
1116 2495 1230 2570 Galbae

152 2617 375 2698 ¹20principat'u
402 2613 508 2690 rediit,
537 2609 716 2674 Marcellum
740 2611 868 2693 Eprium
889 2613 1055 2677 delatorem
1076 2614 1233 2678 Thraseae

211 2760 447 2782 ..........-

137 2802 139 2808 ’
204 2811 357 2883 Faere‘qni
375 2807 518 2864 crederent
538 2810 696 2878 Capitonem
719 2817 755 2862 sut
782 2807 903 2860 avaritia
928 2819 956 2860 et
978 2805 1095 2862 libidine
1111 2807 1230 2880 Jbednm

205 2923 239 2958 aa
256 2907 431 2968 maeniorum,
448 2908 489 2970 itu
506 2905 671 2974 cogitatione
689 2919 780 2956 rernm
797 2917 928 2961 noverum
947 2887 1119 2957 abstinuisse.
1137 2903 1171 2965 11,
1187 2887 1230 2958 23.
1251 2937 1254 2941 ·

209 2998 243 3050 Ut
262 2997 377 3068 quisque
396 2995 487 3046 animo
507 2995 620 3064 ignavus
629 3031 638 3056 ,
652 2998 762 3066 'procae
779 3011 840 3058 ore,
851 2980 891 3032 -ss
908 2996 1000 3045 variis
1015 2997 1174 3048 criminibus
1184 2997 1230 3048 in·

145 3157 147 3162 Ι
208 3087 358 3154 censebant.
395 3083 472 3154 Quae
490 3087 512 3136 si
531 3085 692 3148 consideras,
710 3083 817 3138 videbis
835 3085 957 3136 Tacitum
975 3083 1091 3136 scribere
1111 3088 1231 3154 potuisse

207 3169 340 3254 prompsit
357 3185 517 3237 sententiam
536 3192 568 3232 ut
586 3177 753 3232 adulatione
762 3191 916 3240 carentem,
942 3181 983 3232 ita
1000 3179 1180 3258 bortorifi'cam
1200 3183 1230 3234 in

209 3281 306 3330 bonum
322 3279 491 3348 principem
510 3273 557 3327 sed
575 3275 597 3326 si
614 3261 763 3342 scripsisset
777 3273 1085 3344 prompsitsententiam
1098 3287 1127 3326 nt
1145 3274 1230 3328 hono-

207 3374 316 3444 rificam
345 3375 376 3424 in
402 3371 500 3422 bonum
528 3370 694 3438 principem,
725 3370 766 3422 ite
785 3368 874 3438 salsis
900 3381 1055 3434 terentem,
1078 3372 1229 3436 posteriora

207 3483 316 3538 prorsus
333 3479 529 3534 supervacanea
543 3471 614 3516 suut.
642 3465 767 3516 mecedit·
777 3461 850 3534 qdod
861 3464 995 3516 eiusmodi
1015 3465 1153 3516 enuntiati
1167 3483 1229 3534 par·-

209 3572 267 3626 tes,
286 3563 379 3633 quales
395 3569 459 3613 erant
476 3563 607 3632 prompsit
624 3560 805 3626 honorificam
832 3563 993 3614 sententiam
1019 3565 1046 3609 et
1055 3561 1136 3630 sarisa
1162 3562 1229 3614 abe-

210 3671 293 3718 rant,
315 3675 363 3727 per
379 3655 524 3726 particulas
542 3669 571 3711 nt
596 3661 624 3706 et
642 3658 681 3710 ita
703 3657 829 3723 coniungi
848 3641 904 3706 non
923 3660 1043 3722 possunt.

276 3732 318 3800 ’6.
339 3749 523 3814 Tarracinae]
540 3747 651 3816 regione
667 3743 768 3798 ltaliae
787 3747 932 3800 carecince
953 3741 1007 3809 M³;
1026 3745 1053 3796 iu
1072 3747 1170 3818 quibus
1184 3763 1228 3800 re·

210 3845 290 3916 'gione
320 3847 421 3898 Italiae
448 3845 576 3913 glossema
601 3858 659 3894 esse
685 3840 755 3894 vidit
779 3840 927 3915 Ernestiusss
963 3841 1091 3894 Carecini
1115 3843 1227 3894 fortasse

211 3937 302 3995 luere,
318 3937 452 3989 Carecina
469 3954 523 3988 uon
541 3937 600 3988 init.
882 3923 884 3928 ,
1309 3986 1312 3994 ,

298 4030 320 4084 8.
340 4029 456 4082 Alterum
475 4043 504 4080 ut
521 4029 564 4079 Ma
575 4047 640 4117 ‘cum
660 4031 800 4100 plerisque!
814 4017 923 4080 omittit.
955 4048 983 4080 ιο
1004 4019 1165 4100 sapientium
1176 4021 1228 4074 Ma.
1304 4068 1316 4092 2
