2914 4724
578 411 657 484 mn
677 415 701 484 1.
724 413 796 500 cap
819 419 912 486 a-o.
1117 475 1123 493 ,
1241 399 1263 482 a

231 607 294 660 tres
310 595 401 678 laeti,
425 580 570 682 usurpata
591 595 691 660 statim
712 587 854 660 libertale
874 593 1014 660 licentias
1035 603 1071 660 ut
1096 575 1164 679 erga
1180 595 1264 678 prin-
1276 599 1303 674 (a
1319 593 1348 656 C.
1366 599 1421 673 ⁰9)

234 707 333 788 eipem
365 721 478 766 novum
511 714 542 765 et
573 699 754 780 absentem
787 703 938 784 primores
969 703 1106 784 equitum
1137 701 1266 784 proximi

233 814 344 896 gaudio
365 821 508 894 petrum3
535 833 606 894 pars
637 810 748 894 populi
776 813 895 894 integra
916 789 955 872 et*
979 811 1096 892 magnis
1123 806 1265 900 domibps

234 921 358 997 adnexa,
383 917 509 982 clientes
530 918 695 1000 libertique
705 917 918 978 damnatorum
942 927 972 980 et
985 916 1121 980 exsulum
1140 918 1172 976 in
1182 935 1267 999 spem

134 1021 138 1030 ’
193 1020 345 1088 derectis
369 1023 454 1108 plebs
475 1024 598 1086 sordida
619 1035 649 1084 et
669 1025 755 1084 eireo
776 1043 812 1084 ao
832 1023 959 1086 theatris
977 1033 1082 1102 sueta,
1104 1022 1196 1084 simul
1213 1022 1268 1084 de·

116 1149 119 1157 ¹
232 1133 352 1192 terrimi
374 1151 544 1207 servorum,
566 1139 619 1190 aut
638 1130 691 1212 qui
711 1128 806 1200 adesis
827 1129 918 1190 bonis
937 1151 992 1211 per
1012 1129 1142 1191 dedecus
1163 1130 1268 1192 Nero·

84 1312 86 1316 ,
201 1237 283 1314 5nis
304 1225 486 1316 alebantur,
517 1239 620 1300 maesti
651 1247 682 1298 et
701 1257 860 1298 mimorum
883 1237 974 1300 avidi.
1016 1238 1105 1300 Miles
1132 1241 1267 1302 urbanus

236 1343 328 1426 longo
354 1345 517 1406 Caesarum
540 1355 730 1406 sacramento
750 1345 905 1424 imbutus,
929 1355 959 1406 et
983 1345 1021 1405 ad
1043 1345 1268 1410 destituendum

116 1443 120 1452 ’
235 1449 392 1510 Neronem
413 1459 477 1510 arte
499 1449 595 1532 magis
616 1461 647 1512 et
667 1431 812 1536 impulsrd
825 1472 916 1535 qnam
931 1471 985 1514 sno
1008 1453 1130 1532 ingenio
1148 1453 1268 1516 tradua-

190 1569 299 1636 mun,
323 1568 485 1640 postquam
506 1579 607 1642 neque
624 1560 690 1622 dari
716 1561 896 1622 donativom
917 1561 974 1622 snb
1009 1562 1132 1622 nomine
1153 1561 1269 1624 Galbae

233 1661 437 1746 promissum,
460 1678 559 1745 neque
581 1667 698 1746 magnis
718 1667 833 1726 meritis
855 1686 890 1725 ae
911 1669 1057 1747 praemiis
1078 1669 1205 1730 eundem
1235 1671 1268 1730 in

232 1792 310 1854 pace
331 1793 423 1853 quem
444 1771 475 1832 in
495 1763 718 1847 beliniacum,
739 1781 996 1856 praeventamque
1017 1778 1147 1856 gratiam
1178 1777 1269 1838 intel·

233 1879 299 1961 tigit
319 1880 400 1961 apud
419 1869 592 1964 principem
613 1904 631 1943 a
652 1881 820 1965 legionbns
841 1883 966 1962 factum,
989 1905 1105 1966 pronus
1127 1885 1269 1946 adnovas

233 2008 302 2064 res,
320 1989 431 2048 scelere
446 1991 577 2074 insuper
598 1989 779 2074 Nymphidii
804 1989 909 2052 Sabini
930 1993 1075 2073 praelecti
1105 1995 1269 2074 imperium

162 2161 164 2164 ,
190 2093 290 2156 rbsibi
313 2092 465 2154 molientis
494 2093 635 2176 agitatur.
677 2087 720 2158 'Er
752 2096 953 2179 Nymphidius
984 2097 1107 2177 quidem
1138 2099 1168 2156 in
1205 2097 1271 2176 ipso

236 2212 348 2262 conatu
369 2219 551 2282 oppressus:
586 2203 639 2274 sed
660 2205 799 2283 quamvis
827 2204 925 2280 eapite
946 2201 1124 2262 defectionis
1143 2201 1269 2281 ablato,

236 2307 381 2394 manebat
401 2302 554 2386 plerisque
574 2303 707 2364 militnm
728 2307 934 2384 conscientia,
967 2327 1024 2366 nee
1054 2305 1179 2366 deerant
1207 2295 1269 2370 ser·

235 2434 342 2476 mones
363 2411 483 2478 senium
504 2423 596 2494 atque
613 2411 773 2472 avaritiam
793 2411 910 2474 Galbae
931 2415 1163 2498 increpantium.
1185 2415 1282 2506 Lam.¹

126 2601 128 2608 Α
231 2521 309 2583 'data
331 2518 404 2580 olim
425 2527 456 2578 et
476 2517 601 2577 militari
622 2517 703 2576 fama
719 2515 871 2578 celebrata
891 2518 1033 2586 severitas
1054 2519 1120 2580 eius
1142 2519 1270 2601 angebat

190 2637 434 2712 noaspernantes
455 2635 589 2686 voterem
609 2621 800 2705 disciplinam
829 2633 922 2708 atque
953 2627 1270 2710 itaquattunedeeim

237 2736 326 2796 annis
338 2746 363 2795 'a
383 2736 508 2795 Narona
527 2729 732 2806 assuefactos,
768 2740 803 2790 ut
822 2729 904 2796 baud
926 2733 1026 2796 minus
1044 2733 1120 2796 vitia
1154 2733 1269 2812 prinoi-

235 2863 312 2924 pum
346 2847 486 2902 amarent
516 2857 607 2918 qaam
641 2835 714 2897 olim
748 2837 881 2902 virtutes
896 2841 1092 2902 verebantur.
1133 2839 1270 2902 Accessit
1310 2917 1313 2924 .

240 2947 358 3010 Galbae
377 2965 435 3004 vox
456 2963 512 3025 pro
535 2943 713 3026 republica
745 2943 891 3022 bonesta,
929 2947 985 3028 ipsi
1013 2967 1141 3028 anceps,
1170 2948 1228 3030 legi
1250 2971 1269 3010 a

240 3047 440 3128 senilium,
465 3067 525 3107 non
548 3048 614 3109 erni.
656 3051 716 3110 Neo
738 3052 818 3110 enim
843 3047 981 3110 adhaec
1008 3049 1141 3112 formam
1169 3065 1269 3115 cetera

204 3155 340 3232 fierunt.
382 3152 552 3244 Invalidum
582 3174 682 3212 senem
702 3153 789 3214 Titus
807 3153 917 3214 Vinius
937 3163 966 3216 et
990 3153 1151 3217 Cornelius
1175 3158 1268 3232 Laco,

240 3265 317 3326 alter
336 3262 515 3323 deterrimus
536 3257 727 3339 mortalium,
749 3261 830 3324 alter
851 3259 1069 3341 ignavissimus,
1092 3263 1163 3324 odio
1184 3263 1269 3347 flagi-

239 3376 355 3434 tiorum
384 3381 544 3434 oneratum
576 3360 755 3451 contemptu
784 3348 910 3432 inertiae
934 3352 1151 3432 vdestruebant,
1191 3373 1269 3432 Tar·
1380 3391 1386 3398 ·

237 3479 312 3538 dum
332 3477 447 3537 Galbae
468 3479 526 3536 iter
544 3485 574 3538 et
593 3487 765 3550 eruentem,
785 3475 952 3538 interfectis
964 3475 1114 3556 Cingonio
1125 3477 1268 3539 Varrone

238 3587 364 3647 consule
381 3585 539 3667 designato
558 3595 590 3648 et
608 3585 757 3648 Petronio
773 3585 954 3668 Turpiliano
970 3585 1142 3648 eoadtlari:
1166 3584 1220 3646 ille
1234 3592 1270 3644 ut

240 3743 473 3760 -uu———t-

331 3852 350 3884 ι.
370 3835 471 3887 laetius
490 3813 650 3904 usurpatam
666 3836 724 3893 Mn,
745 3839 774 3884 et
791 3833 813 3886 d
828 3831 975 3902 inegram.
1060 3811 1063 3820 ⁷

164 3963 167 3970 ·
314 3931 352 3986 m.
372 3926 420 3980 sed
437 3925 596 3980 Rhenanus:
616 3927 722 3980 codices
742 3937 779 4000 et.

229 4001 232 4012 ’
310 4027 351 4080 28·
370 4022 480 4078 ciconio
499 4021 617 4077 barroua
641 4020 692 4074 Ma,
739 4023 743 4029 ’
