2890 4728
575 395 662 462 aar.
685 355 776 466 s-u.
943 359 948 364 ⁵
986 400 991 407 “
1102 347 1216 474 'aaa

198 593 268 642 rum
293 575 417 652 babuit,
447 593 525 659 quae
556 575 705 658 equestris
736 572 876 638 nobilitas
903 582 958 638 oet.
1000 573 1094 638 Pater
1124 576 1218 640 lulius

197 683 379 760 Graecinus,
398 682 542 766 senatorii
562 681 686 756 ordinis,
712 679 811 742 studio
830 677 1019 764 eloquentiae
1039 682 1217 766 sapientiae-

196 807 259 870 que
290 800 395 866 notus,
432 791 529 874 iisque
556 790 718 852 virtutibus
737 791 814 850 iram
835 788 892 851 Gai
911 789 1045 852 Caesaris
1073 793 1216 856 meritusa

194 901 327 976 namque
346 899 481 960 Marcum
501 897 638 960 Silanum
658 897 799 959 accusare
818 897 913 958 iussus
933 906 989 977 et,
1010 899 1083 980 quia
1102 898 1217 960 abnue.

162 1007 262 1082 scat,
284 1001 457 1066 interiectus
478 996 535 1068 ast.
575 1007 674 1066 Mater
695 1002 772 1066 iulia
791 1001 928 1066 Procilla
949 1004 1024 1084 fuit,
1044 1008 1141 1068 rarae
1166 1027 1217 1094 cas
1303 1005 1305 1008 ’

193 1109 310 1198 utitatis.
354 1111 389 1172 ln'
409 1109 574 1188 buiussinu
595 1109 841 1192 indulgentiaque
859 1110 1004 1174 educatus
1023 1131 1215 1194 peromnem

192 1212 390 1281 honestarum
424 1219 537 1280 artium
568 1213 683 1283 cultum
726 1216 888 1299 pueritiam
925 1216 1216 1302 adolescentiamque

191 1324 350 1405 transegit.
390 1323 527 1386 Arcebat
549 1343 617 1386 eum
639 1321 678 1384 ab
696 1322 843 1386 illecebris
860 1313 1074 1406 peccantium,
1096 1322 1240 1408 praeter

155 1428 157 1452 ¹
189 1429 284 1510 ipsius
304 1430 414 1492 bouum
437 1432 646 1512 integramque
666 1441 824 1509 naturam,
853 1432 936 1514 quod
952 1433 1052 1492 statim
1073 1431 1216 1514 paruulus

142 1534 291 1604 maedam
314 1557 349 1600 ac
369 1536 542 1618 magistram
561 1537 735 1600 studiorum
749 1537 913 1600 Massiliam
932 1538 1092 1614 babuerat,
1115 1537 1216 1604 locum
1291 1603 1294 1612 ,

188 1642 303 1707 Graeca
324 1645 465 1720 comitate
486 1653 515 1703 et
535 1643 716 1724 provinciali
739 1645 922 1726 parsimonia
944 1647 1069 1708 mixtum
1088 1646 1215 1708 acbene
1239 1683 1241 1690 ·

186 1749 397 1828 compositum.
440 1751 586 1826 Memoria
605 1761 693 1813 teneo
712 1751 861 1826 solitum
853 1771 951 1834 ipsum
971 1771 1096 1812 narrare
1128 1753 1160 1814 s'a
1181 1751 1214 1816 in

186 1856 285 1937 prima
314 1857 437 1920 iuventa
471 1827 605 1922 studium
632 1859 841 1942 philosophiae
863 1861 984 1944 acrius,
1015 1860 1097 1922 ultra
1124 1875 1215 1940 quam

186 1979 358 2023 concessum
386 1961 580 2030 Romano
557 1986 592 2026 ac
615 1965 769 2044 senatori,
795 1963 954 2043 hausisse,
985 1964 1017 2024 ni
1048 1965 1211 2047 prudentia

133 2078 174 2148 15
187 2068 291 2133 matris
309 2071 465 2135 incensum
485 2080 516 2130 et
534 2070 709 2150 flagrantem
732 2071 867 2132 animum
893 2072 1082 2136 coercuisset.
1124 2068 1213 2132 Sciti-

152 2190 158 2201 '
185 2183 233 2236 cet
254 2173 383 2235 sublime
405 2185 436 2243 et
453 2183 590 2234 erectum
608 2175 762 2258 ingenium
790 2171 1048 2256 pulchritudinem
1076 2196 1112 2238 ac
1139 2195 1210 2258 spa·

170 2279 265 2342 ciem
289 2279 419 2347 excelsae
439 2299 625 2362 magnaeque
643 2278 756 2360 gloriae
775 2280 983 2342 vehementius
1008 2300 1099 2363 quam
1126 2291 1212 2344 caute

184 2383 355 2470 appetebat.
397 2389 470 2472 blox
482 2386 632 2470 mitigavit
652 2387 730 2448 ratio
752 2397 782 2448 et
802 2397 901 2450 aetas·
892 2387 1116 2471 ,retinuitque
1128 2388 1256 2473 quod

183 2505 228 2554 est
252 2466 480 2571 difficillimum,
503 2515 537 2556 ex
559 2480 704 2576 sapientia
729 2494 868 2573 modum.

53 2660 55 2665 ,
142 2597 171 2684 5
261 2601 366 2668 Prima
378 2613 546 2666 castrorum
567 2603 793 2668 rudimentum
803 2603 959 2668 Britannia
968 2605 1115 2670 Suetonio.
1126 2606 1208 2670 Pau·
1220 2623 1255 2698 (a.
1265 2643 1291 2680 u.
1301 2629 1364 2700 tra)

178 2706 270 2788 linc,
301 2708 437 2793 diligenti
470 2732 507 2772 ac
541 2709 708 2776 moderato.
725 2709 824 2792 duci,
858 2709 1060 2796 adprobavit,
1095 2713 1207 2780 clectus

179 2829 427 2851 Μ

271 2883 291 2917 ι.
312 2868 396 2920 Pater
413 2864 499 2926 Iulii,
520 2864 608 2918 lulius
628 2867 673 2918 Gr.
691 2863 733 2915 Va
748 2843 790 2916 Vb
809 2836 838 2918 ist
858 2862 993 2919 editiones
1017 2870 1081 2920 ante
1099 2863 1206 2938 birola·
1282 2939 1284 2944 Ι

179 2979 250 3022 uam.
283 2963 349 3013 Mox
368 2963 393 3014 3.
410 2961 498 3030 iisque
517 2960 583 3030 ipsis
598 2961 662 3012 virt.
683 2959 734 3012 vb.
823 2972 825 2982 ⁴

254 3071 294 3112 ro.
311 3053 437 3107 babuerit
457 3051 506 3122 (Va
524 3051 577 3124 Vb)
604 3059 632 3104 et
653 3053 782 3124 antiquae
812 3050 962 3114 editiones,
986 3049 1120 3106 tabuerat
1137 3049 1204 3121 trp-

179 3152 243 3205 sius.
278 3148 422 3200 Habuerat
438 3162 453 3196 a
470 3146 583 3199 librario
602 3145 646 3201 rel
664 3129 878 3212 interpolatore,
906 3143 955 3220 qui
974 3161 1052 3205 usum
1074 3149 1203 3216 temporit

176 3242 435 3313 plusquamperfecti
454 3257 547 3311 parum
565 3247 735 3312 pciepectum
755 3227 882 3304 baberet,
909 3242 939 3292 iu
957 3241 1042 3311 ,petor
1069 3248 1203 3296 mutatum

177 3339 302 3402 videtur,
321 3351 352 3388 ac
368 3345 512 3408 propterea
532 3335 585 3388 hoc
604 3334 810 3406 praeferendum
829 3344 882 3401 est,
903 3337 1024 3408 quamvis
1043 3337 1124 3387 etiam
1149 3337 1202 3392 alin

178 3435 285 3487 ratione
304 3430 401 3484 vitiuin
417 3438 494 3501 (nam
511 3413 608 3484 eitiunt
626 3431 677 3504 est)
695 3431 832 3488 emendari
847 3434 943 3502 possit.
964 3431 1041 3484 Conl-
1053 3429 1201 3492 wstctios.

249 3527 288 3579 13.
306 3528 397 3597 prime
415 3528 446 3579 in
464 3528 518 3580 iuv.
537 3526 590 3580 Vb.

248 3623 286 3676 1⁶.
305 3633 330 3676 et
348 3619 472 3692 erectum]
491 3631 517 3672 et
534 3631 634 3674 metum
653 3617 786 3674 editiones
805 3625 868 3674 ante
886 3618 1049 3690 Lipsianant.

249 3716 417 3794 163speciem
438 3714 571 3767 convertit
590 3715 705 3784 scriptor
721 3731 813 3771 vocem
830 3714 1012 3778 Platonicam,
1029 3711 1118 3770 ἰδέαν.
1135 3715 1198 3768 Pul-

175 3805 359 3863 ebritudinem
376 3823 409 3862 ac
426 3810 539 3880 speciem
556 3808 627 3862 idem
653 3817 694 3862 est
721 3802 794 3879 quod
818 3807 961 3882 pulchram
986 3811 1117 3882 speciem,
1146 3806 1197 3862 des

176 3899 275 3960 scindes
292 3899 376 3960 ldeel.
397 3901 494 3980 (Quod
505 3903 596 3956 statim
616 3904 859 3976 sequitur,'modus,
875 3903 1011 3960 Platonica
1031 3912 1197 3976 ιιιισωφριι·

178 3995 263 4069 virs.
282 3994 431 4059 demamus
448 3999 619 4078 Miseriguog.
638 4029 668 4044 -
688 4016 802 4072 maguae
821 4001 995 4075 excelsaeque
1014 4000 1065 4054 Vb.
