2914 4724
221 411 264 481 46
587 405 875 472 utsroutant‘nt

63 601 89 670 (ι
111 595 131 650 C
152 577 349 681 69·)'1nagnae
369 607 398 659 et
420 611 582 678 prosperae
601 591 644 651 rei
674 610 763 650 nmen
783 588 983 671 acciperetur.
1036 585 1077 647 Et
1096 573 1340 677 'I'rcvernsbss¹

220 705 356 790 quidem,
382 714 416 764 ut
437 702 545 780 socios,
564 699 662 760 securi
683 698 796 760 adiere.
846 697 998 759 Divoduri
1030 692 1248 770 (Mediomatri-

224 835 330 876 corum
351 811 383 870 id
405 808 552 892 oppidum
573 811 627 883 est)
648 827 822 888 quanquam
846 809 929 866 omni
949 805 1090 864 comitate
1110 811 1248 880 exceptos

217 920 333 982 subitus
364 937 457 998 pavor
485 918 606 994 terruit,
616 918 728 998 raptis
756 915 917 996 derepente
946 913 1038 972 armis
1067 909 1106 971 ad
1126 909 1249 968 caedem

217 1027 356 1087 innoxiae
378 1026 517 1097 civitatis,
539 1046 600 1085 non
622 1024 661 1084 ob
680 1023 824 1105 praedam
859 1034 915 1082 aut
933 1019 1082 1119 spoliandi
1103 988 1286 1096 cupidine5

217 1131 271 1191 sed
303 1130 404 1191 surore
425 1140 456 1190 et
476 1129 560 1190 rabie
589 1113 620 1189 et
651 1133 747 1188 causis
771 1129 919 1204 mcertis,
941 1147 1039 1208 eoque
1069 1123 1250 1186 difficiliori-

217 1237 274 1295 bus
292 1235 451 1311 remediis,
485 1235 584 1296 donee
612 1235 755 1314 precibus
784 1234 869 1293 ducis
901 1231 1032 1314 mitigati
1064 1230 1103 1290 ab
1131 1231 1249 1292 excidio

164 1411 167 1416 Ι
219 1343 350 1401 civitatis
371 1353 591 1420 temperavere.
633 1337 725 1398 Caesa
743 1349 844 1397 tamen
865 1338 905 1398 ad
925 1349 1070 1420 quattuor
1092 1334 1175 1396 milia
1191 1333 1249 1394 bo-

208 1444 343 1504 minum.
386 1447 475 1524 lsque
497 1454 597 1502 terror
616 1441 730 1504 Gallias
750 1442 882 1519 invasit,
906 1451 941 1500 ut
959 1442 1095 1530 venienti
1116 1461 1183 1500 mox
1198 1461 1251 1521 ag-

219 1549 293 1609 'mini
313 1549 476 1610 universae
495 1549 630 1609 civitates
651 1569 719 1608 cnm
740 1547 966 1629 magistratibus
987 1557 1018 1605 et
1039 1546 1177 1625 precibus
1197 1569 1249 1608 oc.
1263 1571 1298 1610 ro

220 1667 391 1730 currerent,
415 1657 515 1717 stratis
535 1677 592 1738 per
612 1657 675 1717 vias
694 1657 812 1717 feminis
836 1659 1020 1737 puerisque,
1041 1673 1177 1734 quaeque
1192 1655 1251 1716 alia

218 1764 405 1846 placamenta
428 1763 543 1827 hostilis
558 1768 644 1838 irae„
659 1786 720 1826 non
738 1765 860 1848 quidem
884 1765 915 1824 in
934 1763 1014 1824 bello
1029 1762 1082 1823 sed
1093 1785 1149 1844 pro
1164 1786 1248 1845 pace,

218 1872 429 1933 tendebantur.
470 1872 617 1934 Nuntium
638 1873 676 1933 de
695 1874 790 1935 caede
812 1871 926 1931 Galbae
945 1881 975 1930 et
996 1870 1126 1952 imperio
1147 1869 1244 1931 Otho·
1261 1856 1316 1938 ssls

219 1981 267 2040 uis
281 1979 405 2056 >Fabius
427 1979 537 2040 Valens
556 1981 589 2038 in
609 1977 734 2040 civitate
756 1983 928 2040 Leucorum
950 1981 1076 2060 accepit.
1106 1983 1177 2041 Nec
1192 1981 1248 2039 mi·

219 2087 310 2148 litum
330 2090 448 2148 animus
466 2088 497 2147 in
520 2086 664 2170 gaudium
686 2097 739 2147 aut
761 2089 955 2148 formidinem
974 2097 1151 2169 permotus:
1182 2087 1300 2154 bel-15

219 2195 284 2257 lum
304 2194 457 2257 volvebat.
500 2197 595 2258 Gallis
627 2201 780 2260 cunctatio
801 2208 956 2279 exempta,
986 2207 1017 2258 et
1047 2199 1078 2257 in
1099 2195 1252 2256 Othonem

221 2323 257 2362 ac
277 2301 438 2363 Vitellium
460 2301 564 2364 odium
585 2323 656 2386 par,
685 2325 720 2364 ex
740 2302 867 2365 Vitellio
895 2313 926 2364 et
954 2312 1065 2363 metus.
1107 2303 1251 2364 Proxima

223 2410 394 2492 Lingonum
410 2412 516 2473 civitas
537 2423 614 2483 crat,
637 2411 699 2472 fida
719 2412 867 2493 partibus.
909 2409 1044 2490 Benigne
1058 2409 1169 2492 excepti
1185 2421 1251 2470 nto·

223 2515 322 2577 destia
340 2526 506 2576 certavere.
545 2515 604 2576 Sed
624 2515 725 2576 brevis
744 2515 860 2577 laetitia
879 2515 937 2575 fuit
948 2515 1120 2586 cohortium
1140 2517 1252 2575 intem·

224 2626 329 2708 perie,
353 2643 428 2707 quas
448 2644 467 2684 a
489 2623 607 2708 legione
628 2635 738 2706 quarta
758 2624 907 2701 decuma,
936 2631 972 2682 ut
991 2643 1081 2706 supra
1100 2643 1300 2684 memora-ao

224 2734 343 2811 vimus,
364 2732 513 2812 digressas
533 2733 676 2794 exercitui
697 2753 753 2794 auo
773 2731 887 2792 Fabius
921 2727 1036 2792 Valens
1062 2730 1249 2791 adiunxerat

225 2843 326 2922 Iurgia
346 2839 487 2922 primum,
506 2859 579 2902 mox
599 2844 664 2902 rixa
683 2845 763 2902 inter
776 2839 905 2901 batavos
922 2850 953 2900 et
971 2839 1162 2922 legionarios,
1177 2837 1251 2898 dum

223 2946 272 3006 bis
292 2955 346 3006 aut
365 2946 425 3007 iltis
446 2948 546 3009 studia
564 2949 694 3008 militum
707 2947 918 3029 adgregantur,
940 2969 1039 3030 prope
1057 2949 1088 3008 in
1101 2945 1251 3029 praelium

226 3073 382 3132 exarsere,
404 3057 436 3114 ni
458 3053 570 3116 Valens
588 3056 847 3117 animadversione
866 3077 1033 3137 paucorum
1055 3056 1165 3116 oblitos
1190 3056 1250 3114 iam

225 3162 355 3222 Batavos
384 3161 501 3243 imperii
535 3162 752 3225 admonuisset.
793 3165 920 3226 Frustra
951 3163 1094 3224 adversus
1126 3155 1300 3222 Aeduns25

225 3272 360 3352 quaesita
378 3267 582 3360 beili-cama:
613 3271 685 3334 iussi
705 3275 867 3354 pecuniam
899 3281 991 3354 atque
1021 3292 1103 3331 arma
1131 3268 1251 3329 deferre

226 3379 373 3456 gratuitos
392 3377 517 3457 insuper
533 3389 715 3438 commeatus
735 3379 928 3458 praebuere..
961 3375 1053 3455 Quod
1064 3376 1166 3438 Aedui
1186 3377 1266 3438 ἰοε-ι

227 3483 361 3555 midine,
384 3484 601 3565 Lugdunenses
617 3480 727 3568 gaudio
749 3486 852 3546 fecere
894 3483 954 3544 Sed
972 3483 1052 3565 legio
1085 3485 1190 3546 Italica
1220 3494 1251 3543 et

229 3587 276 3647 aia
294 3589 429 3654 Tana-ina
448 3592 618 3655 abductae:
640 3595 796 3656 cohortem
816 3589 1088 3654 duodevicesimam
1099 3592 1249 3674 Lugduni,

226 3708 492 3730 --—---.

317 3779 341 3815 a.
358 3782 456 3818 nomen
474 3774 619 3843 occiperet.
636 3785 661 3824 et
681 3773 797 3825 treviros
813 3770 867 3829 W.
884 3769 967 3822 Paulo
988 3774 1050 3840 post
1067 3767 1154 3838 raptis
1172 3765 1249 3834 dere-

228 3869 306 3926 ptme
326 3857 348 3908 l·
365 3859 409 3909 Fr,
430 3863 598 3925 Gronovius:
616 3871 738 3939 raptistae
757 3880 867 3936 repente
886 3865 936 3916 Ma.

315 3953 341 4002 6-
356 3953 415 4028 sed]
436 3971 464 4010 et
480 3959 539 4022 bia,
557 3971 585 4012 et
606 3967 644 4028 ¹4·
652 3953 845 4030 terebrum,
863 3969 892 4010 ct
909 3977 950 4012 ao.
961 3957 1203 4030 quattuordecim.

296 4052 336 4100 τὰ
354 4051 471 4122 deferret
490 4051 542 4108 bia.
562 4055 635 4104 idem
655 4073 682 4122 p.
702 4056 751 4120 iy,
769 4057 794 4112 6,
816 4057 1032 4125 Viennensesque
1050 4053 1160 4104 omittit.
