2912 4730
202 491 208 506 ·
239 475 297 542 116
610 467 901 548 uuroamauu

72 667 102 734 (a
122 663 151 718 C.
166 664 223 738 69.)
238 653 387 721 verunt.“
429 649 503 716 Post
529 647 673 726 Muciapi·
696 648 871 710 orationem
898 643 990 706 ceteri
1019 642 1180 706 audentius
1211 643 1271 702 cir·
1285 621 1341 702 78

236 765 413 848 cumsistere
433 757 571 832 hortari,
601 777 744 838 responsa
766 768 869 818 vatum
890 764 922 816 et
942 753 1076 814 siderum
1097 758 1204 811 motus
1222 769 1301 823 τε»,

234 871 326 934 ferre·
352 867 670 938 decennarius
694 863 747 926 tali
780 862 1009 946 superstitione,
1046 868 1082 918 ut
1114 858 1168 938 qui
1203 878 1272 919 mox

233 998 336 1040 rerum
357 973 495 1050 dominus
518 971 679 1036 Seleucum
710 973 863 1054 quendam
892 969 1143 1032 mathematicum
1169 976 1272 1026 recto·

233 1105 301 1146 rem
338 1093 368 1142 et
394 1083 563 1162 praescium
596 1081 694 1162 palam
725 1081 877 1146 babuerit.
921 1077 1133 1140 Recursabant
1170 1074 1303 1142 animo5

233 1203 336 1274 vetera
359 1193 472 1252 omina.
516 1191 685 1270 (inpressos
705 1188 798 1248 arbor
824 1190 855 1248 in
885 1188 964 1268 agris
992 1185 1075 1262 eius,
1106 1181 1272 1263 conspicua

233 1295 418 1376 altitudine,
434 1307 559 1378 repente
583 1292 767 1373 prociderat,
788 1305 964 1375 acpostera
984 1293 1035 1356 die
1058 1291 1164 1352 eodem
1179 1288 1272 1349 ve'sti-

233 1407 292 1486 gin
305 1421 466 1484 resurgens
486 1419 611 1480 procera
622 1411 653 1458 et
669 1398 761 1460 latior
779 1399 908 1461 virebat.
954 1401 1081 1462 Grande
1093 1399 1125 1462 id
1145 1418 1272 1480 prospe·-

233 1531 365 1592 romqne
389 1527 540 1568 consensu
559 1505 776 1588 haruspicum,
808 1518 838 1568 et
859 1527 978 1576 summa
995 1507 1147 1570 claritudo
1169 1507 1272 1568 inveni

234 1615 398 1687 admodum
420 1615 607 1696 Vespasiano
629 1616 787 1695 promissa.
830 1615 892 1676 Sed
913 1618 1014 1697 primo
1035 1610 1230 1696 triumphalia
1242 1624 1272 1672 et
1286 1629 1323 1668 ro

233 1721 409 1786 consulatus
430 1732 461 1792 et
480 1721 624 1782 iudaicae
638 1723 783 1784 victoriae
804 1723 894 1786 decus
914 1721 1167 1804 implesse-fidam
1195 1721 1273 1780 omi·
1308 1708 1311 1712 ’

235 1835 282 1892 nis'
309 1829 488 1892 videbatur:
522 1835 557 1884 ut
578 1826 652 1887 haec
674 1829 801 1912 adeptus
821 1841 885 1907 est,
921 1827 1063 1910 portendi
1092 1827 1151 1888 sibi
1179 1827 1273 1906 impa-

235 1942 318 2000 rium
337 1932 488 1995 credebat
532 1933 587 1997 Est
608 1931 753 1998 iudaeam
783 1939 867 1996 inter
896 1938 1077 2018 Syriamque
1097 1925 1272 1996 Cadmeius:

235 2044 277 2104 ita
298 2050 408 2120 vocant
442 2048 574 2100 montem
603 2040 768 2121 deumque.
811 2041 877 2101 Noc
912 2043 1106 2102 simulacrum
1134 2042 1193 2103 deo
1220 2049 1275 2102 aut

235 2147 402 2228 tempium:
425 2147 467 2208 sic
487 2149 639 2226 tradidere
660 2151 802 2229 maiores,
826 2171 913 2212 aram
933 2160 1053 2211 tautum
1075 2160 1105 2212 et
1129 2171 1273 2211 reveren·
1286 2153 1323 2216 15

236 2239 319 2316 tiam.
365 2253 429 2314 illic
449 2257 629 2320 sacrificanti
651 2257 849 2339 Vespasiano,
874 2280 945 2320 cunr
966 2272 1034 2340 spes
1059 2246 1295 2319 occultasset?

237 2371 319 2424 soret
336 2364 458 2438 animo,
494 2361 639 2424 Basilides
668 2365 804 2426 sacerdos
831 2366 973 2446 inspectis
1004 2361 1167 2426 identidem
1199 2363 1274 2424 extis

237 2469 404 2554 „quioquid
426 2473 493 2532 est“
515 2470 638 2552 inquit,
661 2473 890 2552 „Vespasiane,
912 2471 994 2552 quod
1014 2491 1103 2550 paras
1111 2515 1121 2546 ,
1144 2491 1197 2530 seu
1216 2469 1276 2532 do·

238 2597 323 2639 mum
344 2589 497 2638 exstruere
517 2597 571 2639 seu
591 2575 745 2658 prolatare
763 2600 854 2660 agros
875 2581 939 2638 sive
963 2577 1109 2660 ampliare
1137 2578 1272 2650 servitia,

237 2681 334 2772 'dator
353 2685 409 2746 tibi
432 2703 541 2770 magua
555 2669 665 2761 sedes,
690 2685 829 2764 ingentes
850 2685 995 2758 termini,
1017 2684 1148 2746 multum
1171 2686 1325 2748 homi-²0
1361 2758 1371 2782 l

238 2791 349 2854 ιιιιιιιέ6
395 2792 457 2852 Has
473 2791 617 2874 ambages
651 2803 681 2853 et
700 2792 803 2870 statim
838 2803 995 2876 exceperat
1022 2794 1102 2854 fama
1136 2801 1167 2854 et
1200 2802 1273 2855 tuno
1367 2837 1373 2872 ,

239 2899 407 2984 aperiebat.
448 2900 510 2960 Nec
532 2899 696 2979 quicquam
717 2902 862 2982 magis-in
882 2923 940 2962 ore
959 2903 1053 2982 voigi.
1095 2899 1274 2963 Crebrioret

241 3007 323 3092 apud
346 3009 444 3090 ipsum
465 3023 631 3082 sermones,
656 3016 772 3086 quanto
793 2999 984 3088 sperantibus
1005 3007 1095 3090 plura
1118 2982 1271 3070 dicuntur·

242 3090 334 3179 Haud
352 3115 445 3174 dubia
465 3111 664 3184 destinatione
683 3113 864 3192 discessere,
885 3118 1048 3193 'Mucianus
1066 3115 1272 3196 Antiochiemr
1286 3115 1340 3194 79

86 3285 95 3302 x
145 3268 147 3274 ,
218 3237 220 3240 '
242 3225 444 3305 Vespasianus
455 3205 654 3290 Caesaream:
678 3217 730 3280 iiia
750 3220 866 3303 Syriae,
890 3221 966 3291 hae'c,
981 3222 1107 3288 iudaeae
1121 3219 1325 3302 reputastis

324 3326 447 3388 initium
467 3324 585 3391 serendi
621 3323 661 3402 ad
683 3320 907 3408 Vespaiianum
930 3327 1054 3408 imperii
1072 3323 1276 3396 ,Alexandriae

241 3444 411 3516 coeptum,
432 3432 593 3514 festinante
614 3431 740 3506 Tiberio
761 3433 951 3510 Alexandro,
974 3435 1026 3514 qui
1036 3429 1179 3514 ,delendis
1190 3425 1276 3490 iuliis

242 3549 429 3606 sacramento
449 3542 514 3600 eius
528 3517 668 3620 legiones
689 3537 797 3620 adegit.
841 3540 927 3618 isque
945 3540 1062 3618 primus
1088 3537 1275 3620 principatus
1295 3587 1298 3592 .

236 3647 307 3732 ‘dies
328 3651 360 3707 in
379 3658 540 3727 posterum
554 3645 751 3730 ,celebratum
780 3648 928 3736 ‘quamvis
964 3622 1103 3706 Iudaicus
1122 3644 1274 3708 exercitus

243 3759 348 3842 quinto
373 3775 468 3816 nonas
490 3755 684 3842 luiipsapud
707 3757 806 3838 ipsum
825 3753 974 3835 iurasset,
1010 3773 1048 3817 eo
1068 3751 1205 3834 ardore,
1239 3746 1328 3814 utdo

241 3913 487 3931 ——uq—-t-

246 4102 353 4167 praeter
371 4095 437 4161 ΜΒ,
455 4095 506 4149 ‘oui
528 4103 674 4166 utrumque
693 4091 787 4160 deest,
811 4095 833 4148 si
852 4097 973 4151 Victoria
993 4096 1067 4152 fides.
1179 4097 1183 4104 '

1440 3509 1441 3572 i

315 4005 358 4061 25,
378 4001 499 4056 110th
536 4004 608 4056 Dein
629 4019 654 4070 p.
677 4017 741 4070 ¹¹72
759 4002 789 4055 3,
810 4001 941 4054 concione
959 4003 995 4055 Ar
1012 4001 1167 4072 cognitioni
1192 3997 1276 4052 ceteri

530 4195 543 4225 l
1406 4155 1413 4188 Ι
1440 4221 1441 4236 χ
