2886 4726
226 481 286 550 rm
608 469 898 532 rusronianuu

61 659 137 736 (10·
155 663 209 736 flu)
224 661 386 724 Mucianus
404 654 547 738 epistolas
566 653 606 719 ad
627 662 782 730 senatum,
815 672 895 735 quae
924 648 1082 712 materiam
1104 649 1253 706 sermoni·

222 767 281 832 bus
294 763 472 854 praebuere.
514 758 546 820 si
568 761 703 840 privatus
723 767 822 834 esset,
842 778 897 818 eur
919 755 1040 840 publice
1053 753 1253 835 loqueretur?

222 874 357 966 potuisse
377 867 480 928 eedem
501 885 616 946 panem
635 876 704 948 post
726 864 790 926 dier
809 863 878 926 loeo
901 862 1069 926 sententiae
1083 861 1155 924 diei.
1183 863 1253 942 lpaa

224 998 347 1062 quoqne
366 973 522 1034 insectatio
540 973 573 1032 in
602 972 763 1034 Vitellium
785 993 853 1032 aera
882 982 913 1032 et
936 972 1002 1032 aine
1023 969 1172 1036 libertate.
1214 968 1251 1030 ld

223 1107 297 1150 vero
317 1103 388 1162 erga
410 1101 475 1142 rem
495 1079 647 1162 publicam
669 1080 847 1162 superbum,
871 1100 941 1160 erga
957 1078 1126 1160 principem
1140 1076 1279 1138 contu-5

223 1193 397 1270 mellosum,
431 1189 515 1270 quod
543 1189 573 1248 in
596 1209 689 1248 maon
711 1209 766 1248 sua
786 1188 880 1248 fuisse
903 1186 1067 1268 imperium
1088 1185 1251 1246 donatum·

224 1316 283 1379 que
303 1295 487 1376 Vespasiano
506 1294 648 1356 iactabat.
693 1295 836 1354 &taum
857 1294 973 1354 invidia
994 1295 1026 1354 iu
1049 1290 1181 1364 occulto,
1202 1291 1251 1352 ed·

222 1405 317 1466 illatio
340 1405 369 1462 in
390 1411 498 1484 aperto
520 1410 616 1464 erant,
659 1401 851 1460 Multorum
874 1401 990 1462 honore
1009 1400 1176 1460 verborum
1184 1401 1251 1460 atu·

223 1513 310 1570 cinno
332 1506 531 1588 triumphalia
552 1506 690 1568 debello
718 1506 801 1568 civili
836 1506 927 1570 daut
959 1507 1013 1568 aed
1040 1510 1070 1568 iu
1101 1509 1251 1570 Sarmatas

224 1616 372 1698 expeditio
395 1616 575 1698 fingebatur.
620 1613 789 1676 Adduotur
817 1615 926 1677 Primo
948 1616 1090 1676 Antonio
1113 1616 1298 1690 consula-10

223 1728 285 1801 ria,
308 1723 448 1784 Cornelio
470 1724 571 1784 Fusco
593 1732 624 1782 et
638 1723 734 1784 Arrio
743 1722 828 1782 Varo
850 1721 1000 1802 praetoria
1015 1723 1153 1804 insignia.
1184 1726 1252 1786 Mox

223 1834 295 1894 deos
316 1845 495 1913 respexere3
516 1830 634 1892 restitui
653 1829 839 1912 Capitolium
861 1828 989 1912 placuit.
1030 1829 1139 1912 anue
1153 1832 1253 1894 omnia

222 1939 363 2000 Valerius
384 1939 531 2000 Asiaticus
546 1936 653 2000 consul
683 1936 858 2020 designatus
889 1940 1021 2008 censuit:
1054 1939 1148 2001 ceteri
1163 1940 1254 2002 ,volu

222 2065 399 2128 manuque,
421 2045 531 2128 pauci,
551 2045 666 2128 quibus
686 2043 848 2125 conspicua
867 2043 1004 2126 dignitas
1019 2056 1073 2108 aut
1086 2045 1250 2127 ingenium

223 2151 398 2214 adulatione
424 2153 606 2230 exercitum,
638 2151 817 2234 compositis
837 2153 1026 2215 orationibus
1046 2153 1247 2214 assentieban·
1265 2151 1302 2214 15

178 2262 182 2266 ’
222 2270 285 2322 tur.
330 2259 390 2321 Ubi
416 2259 456 2320 ad
486 2259 660 2323 Helvidium
689 2259 831 2320 Priscum
859 2272 1031 2342 praetorem
1059 2260 1250 2342 designatum

223 2377 368 2444 ventum,
399 2370 551 2449 prompsit
581 2368 760 2430 senteutiam
787 2378 822 2428 ut
851 2365 1053 2426 honorificam
1082 2366 1113 2426 in
1133 2366 1250 2428 bouum

223 2475 411 2556 principem,
432 2500 452 2536 e
473 2497 492 2533 e
514 2500 533 2537 e
559 2474 647 2536 Falsa
668 2475 814 2552 aberant,
836 2484 868 2534 et
887 2473 995 2534 studiis
1014 2486 1137 2538 senatos
1156 2477 1248 2542 auot-
1304 2499 1310 2516 ¹

304 2676 331 2727 9'
352 2657 478 2711 civilium
497 2655 556 2722 Ma,
574 2666 602 2710 et
624 2675 661 2712 ra.
679 2677 795 2731 respera-

290 2751 330 2807 18.
345 2750 497 2820 principem
518 2769 531 2798 a
553 2772 566 2797 ι
588 2756 612 2820 ι]
631 2753 770 2804 Nonnulla
787 2752 853 2805 huic
877 2752 937 2805 loco
956 2753 1049 2806 (leenae
1068 2735 1250 2808 manifestum:

220 2847 343 2898 Fortasse
361 2844 414 2896 luit
430 2847 561 2916 prompsit
580 2849 742 2900 sententiam
762 2859 792 2900 ut
805 2832 987 2922 honorificant
1006 2853 1037 2902 in
1054 2851 1152 2905 bouum
1168 2851 1249 2922 prin·

222 2940 324 3010 cipem,
350 2936 362 2988 i
372 2949 407 2990 ta
431 2937 507 2990 ribi
533 2937 632 2992 haud
657 2955 886 3009 prosperam.
922 2943 1047 2998 Editorer
1074 2945 1250 3007 recentiores,

223 3035 347 3088 lacunam
363 3047 418 3082 nou
437 3041 626 3102 agnoscentes,
646 3040 694 3083 aut
711 3047 741 3085 ut
756 3033 938 3109 honorificam
964 3039 996 3090 in
1018 3039 1117 3094 bonum
1140 3040 1250 3112 prinei·

223 3144 301 3197 pem,
319 3125 361 3177 ito
370 3124 451 3196 salsa
469 3125 586 3180 aberant
603 3122 746 3189 dederunt,
765 3136 812 3180 aut
829 3131 886 3193 ira,
904 3131 979 3202 quud
994 3135 1104 3188 oenotri
1130 3135 1164 3197 viu
1176 3132 1249 3186 libro

158 3241 163 3251 =
225 3219 419 3282 linirentur,
449 3219 547 3271 omisso
576 3224 605 3269 et
620 3217 761 3287 cogitando
789 3224 916 3294 auppleto
944 3227 1057 3280 eandem
1086 3235 1247 3282 structuram

224 3311 386 3379 probavere,
405 3315 548 3380 utrumque
566 3309 645 3367 latro.
679 3310 748 3364 Nam
769 3314 792 3366 ai
819 3329 850 3368 ur
875 3319 1031 3386 praeeedit,
1057 3322 1248 3395 particulaque

225 3405 266 3456 ita
287 3405 313 3455 ei
330 3399 495 3473 respondeus
516 3403 571 3454 aive
592 3419 619 3456 re
643 3421 702 3457 vera
720 3411 844 3480 requitur
861 3410 917 3462 aiva
948 3427 964 3460 a
984 3413 1119 3480 cogitante
1136 3417 1248 3486 suppte-

225 3503 288 3561 tur,
305 3505 371 3551 tuno
391 3508 438 3552 aut
457 3499 560 3552 diveran
581 3510 794 3568 componuntur,
816 3513 864 3556 aut
880 3505 996 3558 alterum
1013 3524 1047 3560 ex
1064 3510 1156 3578 priore
1182 3527 1248 3562 con-

210 3591 348 3660 sequitur
375 3601 405 3645 ut
432 3611 465 3647 ex
487 3611 566 3646 ceute
591 3598 707 3650 ellectus.
744 3601 841 3652 Priorie
860 3602 1006 3656 locutionis
1032 3607 1158 3676 exempla·
1183 3613 1248 3658 runt

224 3683 256 3746 l,
284 3683 309 3734 6.
339 3686 436 3755 iugem
455 3689 534 3740 novis
553 3687 630 3742 relus
648 3694 782 3753 materia,
810 3705 841 3744 ut
869 3713 925 3747 non
951 3698 982 3748 in
1010 3715 1093 3750 unum
1127 3699 1247 3771 aliquem

145 3831 147 3839 ,
223 3791 312 3846 prono
322 3773 445 3845 savum,
460 3781 501 3832 ita
519 3779 633 3834 audenti
649 3798 759 3863 parata.
778 3786 807 3848 1,
835 3787 876 3854 7⁵·
904 3800 936 3840 ur
955 3788 1036 3842 bello
1052 3791 1189 3860 impares,
1215 3791 1247 3840 in

224 3883 293 3938 patr
318 3867 391 3922 niln'l
417 3870 552 3926 amissuri.
581 3875 634 3936 ΙΙΙ,
666 3893 703 3930 ιι.
741 3879 774 3930 Ut
799 3878 866 3930 olim
893 3881 1005 3934 virtutis
1032 3879 1245 3952 modestiaeque,
1272 3890 1276 3898 '

224 3974 290 4016 tunc
302 3963 483 4032 proceritatis
503 3978 528 4018 et
544 3969 712 4034 petulantiae
730 3981 864 4024 certamen
881 3987 950 4028 eret.
965 3974 1041 4028 Conf.
1056 3975 1087 4038 V,
1107 3994 1131 4044 7.
1156 3975 1246 4028 Priore

226 4057 368 4110 enuntiato
395 4074 489 4121 caure,
516 4062 600 4116 altero
624 4067 734 4116 effeetus
763 4065 917 4120 continetur
943 4070 972 4122 in
1002 4068 1045 4123 hir
1071 4069 1138 4126 locis
1166 4071 1193 4136 l,
1221 4087 1245 4139 ς.
