2886 4726
479 553 480 564 r
541 457 616 574 urus
635 467 687 572 tv.
710 497 797 572 ute.
817 499 912 570 -1-4.
1154 483 1213 564 'tus

112 685 124 693 “
186 695 286 760 felicia
307 715 394 760 arma
414 692 500 758 haud
522 697 622 758 minus
647 695 693 756 ira
716 709 807 773 quarn
830 679 1052 750 metu'ablecit.
1095 677 1215 764 Longus
1229 685 1256 756 (a
1270 667 1373 776 ’0.169.)

94 849 97 854 ,
186 805 357 868 deditorum
380 805 477 886 ordo,
499 807 601 886 septus
621 799 755 875 armatis,
776 816 831 878 per
849 792 955 855 urbem
971 789 1104 871 incessit,
1127 805 1218 852 nemo

186 909 317 993 supplici
341 910 443 985 voltu,
479 911 532 972 sed
560 911 661 970 tristes
683 916 713 969 et
737 917 838 967 truces
859 909 893 964 et
915 897 1218 982 ndrersumxplausus

187 1037 224 1080 ac
247 1021 402 1082 lasciviam
423 1018 595 1080 insultantis
624 1015 706 1097 voigi
739 1009 915 1073 immobiles.
967 1007 1085 1070 Paucos
1113 1027 1220 1068 crum·

158 1135 259 1207 5pere
284 1143 373 1187 ausos
388 1127 583 1188 'circumiecti
604 1137 767 1204 pressere3
796 1117 890 1180 ceteri
909 1117 944 1178 in·
959 1115 1126 1178 custodiam
1147 1133 1220 1186 cons

187 1233 262 1303 utri,
284 1229 363 1294 nihil
386 1233 545 1313 quisquam
567 1229 688 1292 locutus
706 1227 872 1306 indignum,
895 1235 927 1288 et
946 1243 1121 1308 quanquam
1143 1223 1223 1283 inter

189 1328 316 1400 aduersu
329 1382 339 1418 ,
352 1335 447 1400 ‘salve
467 1337 589 1398 virtutis
610 1336 718 1394 fana·
741 1329 819 1391 Dein
840 1333 951 1392 Lucius
964 1329 1103 1392 Vitellius
1125 1329 1223 1391 inter·

189 1445 311 1519 ficitur,
343 1463 398 1525 par
426 1445 509 1504 vittis
530 1438 659 1514 fratris,
692 1441 724 1501 in
749 1427 924 1521 principatu
948 1442 1012 1500 eius
1034 1437 1221 1520 vigilantior,

149 1563 247 1642 gneo
268 1549 399 1632 perinde
416 1551 570 1632 prosperis
591 1549 806 1629 coctusquam
827 1545 1148 1615 adversisabstraerns.
1179 1549 1223 1609 ls-

141 1657 261 1728 rodeut
283 1653 390 1718 diebus
412 1655 548 1716 Lucilius
570 1655 678 1718 Bassus
695 1673 766 1716 cum
787 1653 927 1736 expedito
951 1659 1054 1738 equite
1075 1655 1114 1716 ad
1138 1675 1222 1716 corn·

187 1765 362 1849 ponendum
385 1763 585 1844 Campaniam
604 1763 759 1840 mittitur,
782 1761 970 1824 discordibus
985 1760 1222 1844 municipiorum

187 1867 300 1935 animis
320 1872 412 1951 magis
434 1871 516 1930 inter
537 1871 634 1932 seuret
654 1886 746 1951 quarn
768 1870 960 1932 contumacia
978 1865 1123 1932 adv'ersns
1141 1853 1225 1953 prin-¹·

73 1995 76 2000 '
119 2011 122 2015 ·
185 1983 295 2063 cipem.
335 1975 531 2038 Visossmilite
550 1976 659 2058 quies3
695 1983 727 2038 et
755 1973 924 2037 minoribns
945 1973 1069 2037 coloniis
1091 1977 1223 2058 impuni-

188 2097 244 2150 tas.
287 2085 414 2165 Capuae
437 2081 517 2164 legio
539 2085 628 2144 tertia
646 2081 803 2144 hiemandi
823 2099 917 2143 causa
945 2079 1086 2161 lucatur,
1116 2093 1147 2143 et
1167 2079 1235 2143 du-.

145 2195 181 2257 15
193 2211 259 2256 mus
279 2191 412 2252 illustres
433 2189 580 2260 afflictae,
604 2207 672 2250 eum
690 2197 807 2251 'contre
819 2189 1051 2250 Tarracinenses
1071 2187 1155 2249 nulla
1168 2207 1224 2272 ope

118 2327 120 2333 ⁸
193 2301 387 2361 iuvarentur.
428 2291 532 2350 Tanto
552 2295 723 2371 proctivius
748 2303 791 2354 est
816 2293 944 2354 iniuriae
964 2309 1058 2377 quarn
1078 2291 1223 2357 beneficio

193 2403 292 2463 mem
310 2397 474 2474 exsolvere,
495 2397 566 2480 quia
588 2399 687 2480 gratia
707 2399 811 2476 oneri,
834 2397 911 2460 ultio
934 2403 965 2462 in
984 2411 1112 2484 quaestu
1134 2399 1225 2466 habe·

193 2519 259 2572 tur.
300 2504 416 2567 Soletiu
438 2503 496 2565 luit
516 2519 622 2566 servus
644 2503 781 2586 Verginii
802 2503 977 2587 Capitonis,
1004 2525 1093 2590 quem
1114 2502 1224 2592 proat-

192 2625 291 2676 torcm
311 2611 579 2674 Tarracinensium
603 2611 752 2690 diximus,
778 2612 915 2694 patibulo
944 2614 1045 2700 affixus
1076 2617 1108 2676 in
1131 2618 1224 2679 isdem

142 2748 182 2790 20
193 2720 312 2799 anulis,
333 2739 409 2801 quos
422 2727 569 2800 ,acceptos
591 2741 609 2779 a
630 2717 754 2781 Vitellio
780 2720 926 2802 gestabat.
972 2722 1021 2806 ,At
1044 2723 1157 2785 Romae
1177 2744 1224 2785 sc·
1264 2701 1271 2720 l

192 2837 284 2888 natus
303 2838 411 2888 cuncta
431 2827 625 2910 principibus
646 2825 734 2888 solita
753 2824 940 2910 Vespasiano
964 2829 1123 2909 decernit,
1157 2829 1223 2892 lae.

193 2943 245 2992 tus
267 2940 300 2993 et
319 2933 384 3012 spei
405 2940 530 2992 certus:
560 2925 675 3015 quippe
697 2944 818 3014 sumpta
838 2955 893 3014 per
914 2933 1027 2995 Gallias
1048 2935 1226 3018 Hispanias·

195 3061 258 3130 que
279 3038 380 3102 civilia
402 3059 506 3116 arma,
526 3041 613 3100 motis
635 3038 674 3098 ad
687 3038 804 3100 bellum
837 3039 1014 3118 Germanis,
1043 3059 1112 3100 mor
1148 3040 1225 3124 Illy.

147 3187 152 3192 -
195 3149 288 3228 rico,
323 3159 483 3230 postquem
504 3149 672 3230 Aegyptum
694 3147 837 3210 iudaeam
864 3149 1043 3232 Syriamque
1072 3157 1102 3208 et
1128 3151 1227 3209 omnis

59 3288 62 3296 ·
145 3257 373 3340 n5provineias
388 3257 596 3336 exercitusque
616 3252 836 3332 lustraverant,
876 3255 958 3317 velut
986 3254 1104 3338 expiato
1126 3247 1226 3316 terra.
1258 3285 1265 3304 ι

197 3381 268 3428 rum
291 3361 366 3422 orbe
391 3363 504 3442 cepisse
524 3353 615 3419 finem
635 3355 825 3423 videbantur.
867 3357 1023 3422 dddidcre
1042 3357 1227 3422 alacritatem

198 3466 376 3550 Vespasiani
397 3466 515 3528 litterae
543 3475 690 3547 tanquam
712 3477 852 3526 manente
881 3466 962 3528 bello
990 3469 1126 3546 scriptae.
1181 3470 1228 3532 Ea

199 3580 298 3659 prima
314 3574 414 3656 specie
433 3573 552 3632 forma:
581 3580 715 3632 ceterum
736 3581 770 3632 ut
790 3573 927 3656 princeps
946 3571 1151 3653 loquebatur,
1185 3577 1229 3636 oi·
1301 3617 1306 3626 »
1351 3601 1354 3610 ’

202 3685 276 3748 vitia
306 3682 346 3744 de
376 3703 407 3742 se
432 3691 462 3742 et
489 3682 533 3740 rei
561 3680 703 3761 publicae
736 3677 864 3764 egregia.
921 3683 983 3744 Nec
1001 3691 1122 3743 senatur
1140 3685 1228 3746 obse-

107 3839 115 3843 .
154 3792 313 3873 55quium
334 3789 458 3851 deerat:
490 3788 547 3869 ipsi
575 3787 749 3850 consulatus
776 3809 846 3850 oum
868 3789 941 3849 Tito
974 3788 1056 3869 filio,
1087 3801 1230 3872 praetura

170 3893 384 3982 4Domitieao
400 3884 605 3964 et'coumlaru
622 3893 785 3976 imperium
804 3895 1015 3959 decernuntur.
1058 3893 1180 3958 Miserat
1199 3903 1229 3957 et
1267 3971 1277 3990 ¹

1425 696 1426 754 t

1425 846 1427 920 l

1426 996 1428 1074 i

1411 711 1414 727 Ι

1393 1099 1400 1110 r

566 4078 576 4085 ‘
988 4039 1001 4078 Ι

282 4119 320 4172 18.
338 4115 454 4187 vergilii
470 4117 514 4171 rel
529 4117 708 4188 virgiliissllb
1071 4079 1078 4088 ·
