<?xml version="1.0" encoding="UTF-8"?>
<!DOCTYPE html PUBLIC "-//W3C//DTD XHTML 1.0 Transitional//EN"
    "http://www.w3.org/TR/xhtml1/DTD/xhtml1-transitional.dtd">
<html xmlns="http://www.w3.org/1999/xhtml" xml:lang="en" lang="en">
 <head>
  <title>
</title>
<meta http-equiv="Content-Type" content="text/html;charset=utf-8" />
  <meta name='ocr-system' content='tesseract 3.04.00' />
  <meta name='ocr-capabilities' content='ocr_page ocr_carea ocr_par ocr_line ocrx_word'/>
</head>
<body>
  <div class='ocr_page' id='page_1' title='image "./ccorneliitaciti01rittgoog_0403.png"; bbox 0 0 2880 4720; ppageno 0'>
   <div class='ocr_carea' id='block_1_1' title="bbox 525 297 1267 426">
    <p class='ocr_par' dir='ltr' id='par_1_1' title="bbox 525 297 1267 426">
     <span class='ocr_line' id='line_1_1' title="bbox 525 297 1267 426; baseline 0.011 -11"><span class='ocrx_word' id='word_1_1' title='bbox 525 297 539 350; x_wconf 76' lang='lat'>⁸</span> <span class='ocrx_word' id='word_1_2' title='bbox 606 315 848 426; x_wconf 59' lang='lat' dir='ltr'><strong>caret-ao·</strong></span> <span class='ocrx_word' id='word_1_3' title='bbox 928 401 931 412; x_wconf 41' lang='lat' dir='ltr'><em>s</em></span> <span class='ocrx_word' id='word_1_4' title='bbox 1102 305 1212 422; x_wconf 63' lang='grc' dir='ltr'>Ῐίιιι</span> <span class='ocrx_word' id='word_1_5' title='bbox 1265 389 1267 400; x_wconf 91' lang='lat'><em>·</em></span> 
     </span>
    </p>
   </div>
   <div class='ocr_carea' id='block_1_2' title="bbox 151 530 1329 1788">
    <p class='ocr_par' dir='ltr' id='par_1_2' title="bbox 168 530 1329 1474">
     <span class='ocr_line' id='line_1_2' title="bbox 196 530 1297 626; baseline -0.01 -22"><span class='ocrx_word' id='word_1_6' title='bbox 196 542 354 618; x_wconf 79' lang='lat' dir='ltr'><strong>citationes</strong></span> <span class='ocrx_word' id='word_1_7' title='bbox 371 533 481 622; x_wconf 75' lang='lat' dir='ltr'><strong>magua</strong></span> <span class='ocrx_word' id='word_1_8' title='bbox 500 557 536 604; x_wconf 82' lang='lat' dir='ltr'><strong>ex</strong></span> <span class='ocrx_word' id='word_1_9' title='bbox 562 547 649 621; x_wconf 89' lang='lat' dir='ltr'><strong>parte</strong></span> <span class='ocrx_word' id='word_1_10' title='bbox 680 538 860 598; x_wconf 73' lang='lat' dir='ltr'><strong>contrariae.</strong></span> <span class='ocrx_word' id='word_1_11' title='bbox 901 530 1017 617; x_wconf 86' lang='lat' dir='ltr'><strong>Nempe</strong></span> <span class='ocrx_word' id='word_1_12' title='bbox 1047 532 1128 594; x_wconf 85' lang='lat' dir='ltr'><strong>enim</strong></span> <span class='ocrx_word' id='word_1_13' title='bbox 1163 533 1225 604; x_wconf 87' lang='lat' dir='ltr'><strong>duo</strong></span> <span class='ocrx_word' id='word_1_14' title='bbox 1295 622 1297 626; x_wconf 23' lang='grc' dir='ltr'>Ι</span> 
     </span>
     <span class='ocr_line' id='line_1_3' title="bbox 196 639 1226 730; baseline -0.006 -20"><span class='ocrx_word' id='word_1_15' title='bbox 196 669 309 730; x_wconf 79' lang='lat' dir='ltr'><strong>genera</strong></span> <span class='ocrx_word' id='word_1_16' title='bbox 330 649 526 708; x_wconf 88' lang='lat' dir='ltr'><strong>materiarum</strong></span> <span class='ocrx_word' id='word_1_17' title='bbox 547 640 628 728; x_wconf 89' lang='lat' dir='ltr'><strong>apud</strong></span> <span class='ocrx_word' id='word_1_18' title='bbox 652 644 790 706; x_wconf 80' lang='lat' dir='ltr'><strong>rhetoras</strong></span> <span class='ocrx_word' id='word_1_19' title='bbox 811 650 997 720; x_wconf 77' lang='lat' dir='ltr'><strong>tractantur,</strong></span> <span class='ocrx_word' id='word_1_20' title='bbox 1029 639 1177 702; x_wconf 85' lang='lat' dir='ltr'><strong>suasoriae</strong></span> <span class='ocrx_word' id='word_1_21' title='bbox 1195 650 1226 704; x_wconf 85' lang='lat' dir='ltr'><strong>et</strong></span> 
     </span>
     <span class='ocr_line' id='line_1_4' title="bbox 195 743 1225 834; baseline -0.008 -16"><span class='ocrx_word' id='word_1_22' title='bbox 195 743 430 819; x_wconf 83' lang='lat' dir='ltr'><strong>controversiae.</strong></span> <span class='ocrx_word' id='word_1_23' title='bbox 478 756 525 817; x_wconf 87' lang='lat' dir='ltr'><strong>Ex</strong></span> <span class='ocrx_word' id='word_1_24' title='bbox 550 755 597 816; x_wconf 87' lang='lat' dir='ltr'><strong>iis</strong></span> <span class='ocrx_word' id='word_1_25' title='bbox 616 753 774 816; x_wconf 76' lang='lat' dir='ltr'><strong>suasoriae</strong></span> <span class='ocrx_word' id='word_1_26' title='bbox 800 750 939 834; x_wconf 84' lang='lat' dir='ltr'><strong>quidem,</strong></span> <span class='ocrx_word' id='word_1_27' title='bbox 973 748 1050 832; x_wconf 85' lang='lat' dir='ltr'><strong>[etsi]</strong></span> <span class='ocrx_word' id='word_1_28' title='bbox 1080 759 1225 834; x_wconf 87' lang='lat' dir='ltr'><strong>tanquam</strong></span> 
     </span>
     <span class='ocr_line' id='line_1_5' title="bbox 196 855 1225 946; baseline -0.006 -24"><span class='ocrx_word' id='word_1_29' title='bbox 196 863 287 946; x_wconf 88' lang='lat' dir='ltr'><strong>plane</strong></span> <span class='ocrx_word' id='word_1_30' title='bbox 308 864 441 928; x_wconf 85' lang='lat' dir='ltr'><strong>leviores</strong></span> <span class='ocrx_word' id='word_1_31' title='bbox 461 874 492 925; x_wconf 88' lang='lat' dir='ltr'><strong>et</strong></span> <span class='ocrx_word' id='word_1_32' title='bbox 512 863 613 924; x_wconf 88' lang='lat' dir='ltr'><strong>minus</strong></span> <span class='ocrx_word' id='word_1_33' title='bbox 631 860 812 943; x_wconf 74' lang='lat' dir='ltr'><strong>prudentiae</strong></span> <span class='ocrx_word' id='word_1_34' title='bbox 834 859 999 941; x_wconf 79' lang='lat' dir='ltr'><strong>exigentes,</strong></span> <span class='ocrx_word' id='word_1_35' title='bbox 1020 859 1122 939; x_wconf 85' lang='lat' dir='ltr'><strong>pueris</strong></span> <span class='ocrx_word' id='word_1_36' title='bbox 1142 855 1225 916; x_wconf 88' lang='lat' dir='ltr'><strong>dele·</strong></span> 
     </span>
     <span class='ocr_line' id='line_1_6' title="bbox 168 961 1329 1054; baseline -0.012 -20"><span class='ocrx_word' id='word_1_37' title='bbox 168 961 327 1054; x_wconf 79' lang='lat' dir='ltr'><strong>5gantur,</strong></span> <span class='ocrx_word' id='word_1_38' title='bbox 356 970 581 1034; x_wconf 88' lang='lat' dir='ltr'><strong>controversiae</strong></span> <span class='ocrx_word' id='word_1_39' title='bbox 612 967 837 1052; x_wconf 85' lang='lat' dir='ltr'><strong>robustioribus</strong></span> <span class='ocrx_word' id='word_1_40' title='bbox 863 968 1077 1047; x_wconf 79' lang='lat' dir='ltr'><strong>assignantur,</strong></span> <span class='ocrx_word' id='word_1_41' title='bbox 1109 963 1224 1046; x_wconf 88' lang='lat' dir='ltr'><strong>quales,</strong></span> <span class='ocrx_word' id='word_1_42' title='bbox 1327 967 1329 974; x_wconf 83' lang='grc'>’</span> 
     </span>
     <span class='ocr_line' id='line_1_7' title="bbox 195 1047 1226 1170; baseline -0.009 -32"><span class='ocrx_word' id='word_1_43' title='bbox 195 1076 386 1159; x_wconf 83' lang='lat' dir='ltr'><strong>perfidem,</strong></span> <span class='ocrx_word' id='word_1_44' title='bbox 408 1086 439 1136; x_wconf 90' lang='lat' dir='ltr'><strong>et</strong></span> <span class='ocrx_word' id='word_1_45' title='bbox 471 1095 562 1155; x_wconf 88' lang='lat' dir='ltr'><strong>quam</strong></span> <span class='ocrx_word' id='word_1_46' title='bbox 595 1047 816 1136; x_wconf 78' lang='lat' dir='ltr'><strong>incredibiliter</strong></span> <span class='ocrx_word' id='word_1_47' title='bbox 844 1073 1039 1156; x_wconf 83' lang='lat' dir='ltr'><strong>compositae.</strong></span> <span class='ocrx_word' id='word_1_48' title='bbox 1061 1070 1226 1170; x_wconf 83' lang='lat' dir='ltr'><strong>Sequitur</strong></span> 
     </span>
     <span class='ocr_line' id='line_1_8' title="bbox 196 1151 1226 1261; baseline -0.01 -13"><span class='ocrx_word' id='word_1_49' title='bbox 196 1194 316 1261; x_wconf 77' lang='lat' dir='ltr'><strong>autem,</strong></span> <span class='ocrx_word' id='word_1_50' title='bbox 348 1192 385 1244; x_wconf 87' lang='lat' dir='ltr'><strong>ut</strong></span> <span class='ocrx_word' id='word_1_51' title='bbox 421 1183 576 1248; x_wconf 87' lang='lat' dir='ltr'><strong>materiae</strong></span> <span class='ocrx_word' id='word_1_52' title='bbox 604 1180 785 1242; x_wconf 81' lang='lat' dir='ltr'><strong>abhorrenti</strong></span> <span class='ocrx_word' id='word_1_53' title='bbox 818 1201 836 1241; x_wconf 94' lang='lat' dir='ltr'><strong>a</strong></span> <span class='ocrx_word' id='word_1_54' title='bbox 871 1181 1005 1242; x_wconf 83' lang='lat' dir='ltr'><strong>veritate</strong></span> <span class='ocrx_word' id='word_1_55' title='bbox 1044 1151 1226 1240; x_wconf 77' lang='lat' dir='ltr'><strong>declamatio</strong></span> 
     </span>
     <span class='ocr_line' id='line_1_9' title="bbox 196 1285 1227 1372; baseline -0.007 -22"><span class='ocrx_word' id='word_1_56' title='bbox 196 1310 318 1371; x_wconf 91' lang='lat' dir='ltr'><strong>quoque</strong></span> <span class='ocrx_word' id='word_1_57' title='bbox 345 1285 537 1350; x_wconf 87' lang='lat' dir='ltr'><strong>adhibeatur.</strong></span> <span class='ocrx_word' id='word_1_58' title='bbox 579 1287 629 1348; x_wconf 90' lang='lat' dir='ltr'><strong>Sic</strong></span> <span class='ocrx_word' id='word_1_59' title='bbox 648 1290 682 1349; x_wconf 84' lang='lat' dir='ltr'><strong>lit</strong></span> <span class='ocrx_word' id='word_1_60' title='bbox 701 1299 734 1348; x_wconf 90' lang='lat' dir='ltr'><strong>ut</strong></span> <span class='ocrx_word' id='word_1_61' title='bbox 755 1286 1017 1372; x_wconf 83' lang='lat' dir='ltr'><strong>tyrannicidarum</strong></span> <span class='ocrx_word' id='word_1_62' title='bbox 1030 1285 1227 1368; x_wconf 87' lang='lat' dir='ltr'><strong>praemiaant</strong></span> 
     </span>
     <span class='ocr_line' id='line_1_10' title="bbox 196 1391 1228 1474; baseline -0.001 -18"><span class='ocrx_word' id='word_1_63' title='bbox 196 1397 374 1458; x_wconf 81' lang='lat' dir='ltr'><strong>vitiatarum</strong></span> <span class='ocrx_word' id='word_1_64' title='bbox 395 1394 560 1464; x_wconf 85' lang='lat' dir='ltr'><strong>electiones</strong></span> <span class='ocrx_word' id='word_1_65' title='bbox 590 1404 646 1456; x_wconf 87' lang='lat' dir='ltr'><strong>aut</strong></span> <span class='ocrx_word' id='word_1_66' title='bbox 670 1393 860 1474; x_wconf 86' lang='lat' dir='ltr'><strong>pestilentiae</strong></span> <span class='ocrx_word' id='word_1_67' title='bbox 887 1393 1022 1454; x_wconf 87' lang='lat' dir='ltr'><strong>remedia</strong></span> <span class='ocrx_word' id='word_1_68' title='bbox 1043 1403 1095 1452; x_wconf 86' lang='lat' dir='ltr'><strong>aut</strong></span> <span class='ocrx_word' id='word_1_69' title='bbox 1114 1391 1228 1455; x_wconf 86' lang='lat' dir='ltr'><strong>incesta</strong></span> 
     </span>
    </p>

    <p class='ocr_par' dir='ltr' id='par_1_3' title="bbox 151 1477 1228 1776">
     <span class='ocr_line' id='line_1_11' title="bbox 151 1477 1228 1582; baseline -0.002 -20"><span class='ocrx_word' id='word_1_70' title='bbox 151 1511 349 1579; x_wconf 74' lang='lat' dir='ltr'><strong>waramum,</strong></span> <span class='ocrx_word' id='word_1_71' title='bbox 384 1511 437 1561; x_wconf 89' lang='lat' dir='ltr'><strong>aut</strong></span> <span class='ocrx_word' id='word_1_72' title='bbox 456 1477 655 1582; x_wconf 86' lang='lat' dir='ltr'><strong>quicquidin</strong></span> <span class='ocrx_word' id='word_1_73' title='bbox 677 1498 782 1560; x_wconf 84' lang='lat' dir='ltr'><strong>schola</strong></span> <span class='ocrx_word' id='word_1_74' title='bbox 814 1499 928 1560; x_wconf 84' lang='lat' dir='ltr'><strong>cotidie</strong></span> <span class='ocrx_word' id='word_1_75' title='bbox 949 1502 1068 1580; x_wconf 80' lang='lat' dir='ltr'><strong>agitur,</strong></span> <span class='ocrx_word' id='word_1_76' title='bbox 1100 1499 1129 1558; x_wconf 92' lang='lat' dir='ltr'><strong>in</strong></span> <span class='ocrx_word' id='word_1_77' title='bbox 1161 1499 1228 1560; x_wconf 81' lang='lat' dir='ltr'><strong>soro</strong></span> 
     </span>
     <span class='ocr_line' id='line_1_12' title="bbox 196 1604 1226 1729; baseline -0.005 -59"><span class='ocrx_word' id='word_1_78' title='bbox 196 1607 245 1670; x_wconf 82' lang='lat' dir='ltr'><strong>vel</strong></span> <span class='ocrx_word' id='word_1_79' title='bbox 275 1627 347 1668; x_wconf 90' lang='lat' dir='ltr'><strong>raro</strong></span> <span class='ocrx_word' id='word_1_80' title='bbox 374 1605 424 1668; x_wconf 88' lang='lat' dir='ltr'><strong>vel</strong></span> <span class='ocrx_word' id='word_1_81' title='bbox 459 1627 634 1688; x_wconf 90' lang='lat' dir='ltr'><strong>nunqnam,</strong></span> <span class='ocrx_word' id='word_1_82' title='bbox 670 1604 842 1687; x_wconf 77' lang='lat' dir='ltr'><strong>ingentibus</strong></span> <span class='ocrx_word' id='word_1_83' title='bbox 852 1605 961 1668; x_wconf 79' lang='lat' dir='ltr'><strong>uerbis</strong></span> <span class='ocrx_word' id='word_1_84' title='bbox 988 1615 1226 1729; x_wconf 80' lang='lat' dir='ltr'><strong>persequentur:</strong></span> 
     </span>
     <span class='ocr_line' id='line_1_13' title="bbox 196 1711 724 1788; baseline -0.004 -14"><span class='ocrx_word' id='word_1_85' title='bbox 196 1733 266 1788; x_wconf 79' lang='lat' dir='ltr'><strong>cum</strong></span> <span class='ocrx_word' id='word_1_86' title='bbox 295 1711 335 1774; x_wconf 91' lang='lat' dir='ltr'><strong>ad</strong></span> <span class='ocrx_word' id='word_1_87' title='bbox 355 1733 445 1776; x_wconf 86' lang='lat' dir='ltr'><strong>veros</strong></span> <span class='ocrx_word' id='word_1_88' title='bbox 466 1711 579 1774; x_wconf 89' lang='lat' dir='ltr'><strong>iudices</strong></span> <span class='ocrx_word' id='word_1_89' title='bbox 600 1721 724 1774; x_wconf 87' lang='lat' dir='ltr'><strong>ventum</strong></span> 
     </span>
    </p>
   </div>
   <div class='ocr_carea' id='block_1_3' title="bbox 198 1885 1314 2008">
    <p class='ocr_par' dir='ltr' id='par_1_4' title="bbox 198 1885 1314 2008">
     <span class='ocr_line' id='line_1_14' title="bbox 198 1885 1314 2008; baseline -0.002 -20"><span class='ocrx_word' id='word_1_90' title='bbox 198 1941 264 1988; x_wconf 79' lang='lat' dir='ltr'><strong>rem</strong></span> <span class='ocrx_word' id='word_1_91' title='bbox 287 1923 439 2008; x_wconf 78' lang='lat' dir='ltr'><strong>cogitare,</strong></span> <span class='ocrx_word' id='word_1_92' title='bbox 462 1925 539 1988; x_wconf 91' lang='lat' dir='ltr'><strong>nihil</strong></span> <span class='ocrx_word' id='word_1_93' title='bbox 561 1926 689 2001; x_wconf 84' lang='lat' dir='ltr'><strong>humile,</strong></span> <span class='ocrx_word' id='word_1_94' title='bbox 712 1925 787 1988; x_wconf 91' lang='lat' dir='ltr'><strong>nihil</strong></span> <span class='ocrx_word' id='word_1_95' title='bbox 805 1925 957 1989; x_wconf 86' lang='lat' dir='ltr'><strong>abiectum</strong></span> <span class='ocrx_word' id='word_1_96' title='bbox 974 1885 1084 2006; x_wconf 76' lang='lat' dir='ltr'><strong>etoqnt</strong></span> <span class='ocrx_word' id='word_1_97' title='bbox 1097 1931 1226 2006; x_wconf 87' lang='lat' dir='ltr'><strong>poterat.</strong></span> <span class='ocrx_word' id='word_1_98' title='bbox 1303 1981 1314 1986; x_wconf 72' lang='lat'><em>„</em></span> 
     </span>
    </p>
   </div>
   <div class='ocr_carea' id='block_1_4' title="bbox 160 2151 1251 2506">
    <p class='ocr_par' dir='ltr' id='par_1_5' title="bbox 160 2151 1251 2506">
     <span class='ocr_line' id='line_1_15' title="bbox 272 2151 1230 2228; baseline -0.003 -20"><span class='ocrx_word' id='word_1_99' title='bbox 272 2157 580 2228; x_wconf 82' lang='lat' dir='ltr'><strong>sr.proscqusmturF.</strong></span> <span class='ocrx_word' id='word_1_100' title='bbox 615 2155 698 2208; x_wconf 83' lang='lat' dir='ltr'><strong>Paulo</strong></span> <span class='ocrx_word' id='word_1_101' title='bbox 716 2154 945 2224; x_wconf 71' lang='lat' dir='ltr'><strong>postumatum</strong></span> <span class='ocrx_word' id='word_1_102' title='bbox 963 2151 1096 2224; x_wconf 78' lang='lat' dir='ltr'><strong>deficit</strong></span> <span class='ocrx_word' id='word_1_103' title='bbox 1083 2171 1115 2206; x_wconf 86' lang='grc' dir='ltr'><strong>ιιι</strong></span> <span class='ocrx_word' id='word_1_104' title='bbox 1137 2161 1230 2206; x_wconf 71' lang='lat' dir='ltr'><strong>eccm-</strong></span> 
     </span>
     <span class='ocr_line' id='line_1_16' title="bbox 160 2245 1231 2331; baseline -0.002 -31"><span class='ocrx_word' id='word_1_105' title='bbox 160 2310 166 2322; x_wconf 25' lang='grc'><strong><em>1</em></strong></span> <span class='ocrx_word' id='word_1_106' title='bbox 198 2249 324 2320; x_wconf 83' lang='lat' dir='ltr'><strong>pluribus</strong></span> <span class='ocrx_word' id='word_1_107' title='bbox 343 2265 424 2331; x_wconf 83' lang='lat' dir='ltr'><strong>quae</strong></span> <span class='ocrx_word' id='word_1_108' title='bbox 433 2247 617 2319; x_wconf 81' lang='lat' dir='ltr'><strong>reperiuntur</strong></span> <span class='ocrx_word' id='word_1_109' title='bbox 636 2249 743 2314; x_wconf 83' lang='lat' dir='ltr'><strong>Integra</strong></span> <span class='ocrx_word' id='word_1_110' title='bbox 754 2262 842 2318; x_wconf 86' lang='lat' dir='ltr'><strong>paene</strong></span> <span class='ocrx_word' id='word_1_111' title='bbox 855 2248 954 2315; x_wconf 84' lang='lat' dir='ltr'><strong>pagina</strong></span> <span class='ocrx_word' id='word_1_112' title='bbox 971 2257 1054 2299; x_wconf 70' lang='lat' dir='ltr'><strong>saeua</strong></span> <span class='ocrx_word' id='word_1_113' title='bbox 1073 2245 1169 2300; x_wconf 86' lang='lat' dir='ltr'><strong>relicta</strong></span> <span class='ocrx_word' id='word_1_114' title='bbox 1182 2255 1231 2306; x_wconf 87' lang='grc' dir='ltr'>ιιι.</span> 
     </span>
     <span class='ocr_line' id='line_1_17' title="bbox 275 2337 1232 2412; baseline 0.001 -21"><span class='ocrx_word' id='word_1_115' title='bbox 275 2343 312 2396; x_wconf 83' lang='grc' dir='ltr'><strong>ι3</strong></span> <span class='ocrx_word' id='word_1_116' title='bbox 333 2338 482 2408; x_wconf 86' lang='lat' dir='ltr'><strong>Sequentia</strong></span> <span class='ocrx_word' id='word_1_117' title='bbox 501 2337 642 2408; x_wconf 88' lang='lat' dir='ltr'><strong>eloquitur</strong></span> <span class='ocrx_word' id='word_1_118' title='bbox 662 2339 810 2406; x_wconf 85' lang='lat' dir='ltr'><strong>Maternus,</strong></span> <span class='ocrx_word' id='word_1_119' title='bbox 827 2337 1054 2412; x_wconf 75' lang='lat' dir='ltr'><strong>quemadmodum</strong></span> <span class='ocrx_word' id='word_1_120' title='bbox 1070 2339 1159 2392; x_wconf 81' lang='lat' dir='ltr'><strong>exitus</strong></span> <span class='ocrx_word' id='word_1_121' title='bbox 1171 2339 1232 2392; x_wconf 85' lang='lat' dir='ltr'><strong>dis·</strong></span> 
     </span>
     <span class='ocr_line' id='line_1_18' title="bbox 176 2427 1251 2506; baseline 0.002 -22"><span class='ocrx_word' id='word_1_122' title='bbox 176 2433 259 2506; x_wconf 40' lang='lat' dir='ltr'><strong>&#39;logi</strong></span> <span class='ocrx_word' id='word_1_123' title='bbox 278 2429 415 2491; x_wconf 80' lang='lat' dir='ltr'><strong>ostendit,</strong></span> <span class='ocrx_word' id='word_1_124' title='bbox 435 2445 492 2485; x_wconf 88' lang='lat' dir='ltr'><strong>non</strong></span> <span class='ocrx_word' id='word_1_125' title='bbox 513 2429 653 2480; x_wconf 86' lang='lat' dir='ltr'><strong>Secundus</strong></span> <span class='ocrx_word' id='word_1_126' title='bbox 664 2446 763 2500; x_wconf 88' lang='lat' dir='ltr'><strong>,qnae</strong></span> <span class='ocrx_word' id='word_1_127' title='bbox 783 2430 825 2479; x_wconf 91' lang='lat' dir='ltr'><strong>Ul.</strong></span> <span class='ocrx_word' id='word_1_128' title='bbox 844 2427 956 2482; x_wconf 76' lang='lat' dir='ltr'><strong>Beckeri</strong></span> <span class='ocrx_word' id='word_1_129' title='bbox 973 2431 1147 2502; x_wconf 86' lang='lat' dir='ltr'><strong>aliorumque</strong></span> <span class='ocrx_word' id='word_1_130' title='bbox 1170 2449 1233 2488; x_wconf 84' lang='lat' dir='ltr'><strong>aen·</strong></span> <span class='ocrx_word' id='word_1_131' title='bbox 1247 2457 1251 2464; x_wconf 54' lang='grc'><em>»</em></span> 
     </span>
    </p>
   </div>
   <div class='ocr_carea' id='block_1_5' title="bbox 117 2523 1315 4008">
    <p class='ocr_par' dir='ltr' id='par_1_6' title="bbox 200 2523 1272 3068">
     <span class='ocr_line' id='line_1_19' title="bbox 200 2523 1232 2594; baseline -0.002 -16"><span class='ocrx_word' id='word_1_132' title='bbox 200 2527 288 2578; x_wconf 87' lang='lat' dir='ltr'><strong>tentia</strong></span> <span class='ocrx_word' id='word_1_133' title='bbox 307 2531 355 2576; x_wconf 81' lang='lat' dir='ltr'><strong>est</strong></span> <span class='ocrx_word' id='word_1_134' title='bbox 390 2525 530 2578; x_wconf 81' lang='lat' dir='ltr'><strong>Maternus</strong></span> <span class='ocrx_word' id='word_1_135' title='bbox 550 2523 688 2576; x_wconf 84' lang='lat' dir='ltr'><strong>oratorum</strong></span> <span class='ocrx_word' id='word_1_136' title='bbox 708 2531 831 2578; x_wconf 86' lang='lat' dir='ltr'><strong>veterum</strong></span> <span class='ocrx_word' id='word_1_137' title='bbox 850 2541 913 2594; x_wconf 84' lang='lat' dir='ltr'><strong>prae</strong></span> <span class='ocrx_word' id='word_1_138' title='bbox 934 2526 1012 2579; x_wconf 85' lang='lat' dir='ltr'><strong>novis</strong></span> <span class='ocrx_word' id='word_1_139' title='bbox 1038 2526 1232 2594; x_wconf 77' lang='lat' dir='ltr'><strong>praestantiam</strong></span> 
     </span>
     <span class='ocr_line' id='line_1_20' title="bbox 201 2617 1231 2689; baseline -0.002 -15"><span class='ocrx_word' id='word_1_140' title='bbox 201 2638 236 2674; x_wconf 80' lang='lat' dir='ltr'><strong>ex</strong></span> <span class='ocrx_word' id='word_1_141' title='bbox 252 2617 363 2672; x_wconf 89' lang='lat' dir='ltr'><strong>turbida</strong></span> <span class='ocrx_word' id='word_1_142' title='bbox 382 2617 482 2672; x_wconf 87' lang='lat' dir='ltr'><strong>veteris</strong></span> <span class='ocrx_word' id='word_1_143' title='bbox 503 2618 544 2668; x_wconf 90' lang='lat' dir='ltr'><strong>rei</strong></span> <span class='ocrx_word' id='word_1_144' title='bbox 562 2617 690 2686; x_wconf 85' lang='lat' dir='ltr'><strong>publicae</strong></span> <span class='ocrx_word' id='word_1_145' title='bbox 709 2617 869 2670; x_wconf 87' lang='lat' dir='ltr'><strong>condicione</strong></span> <span class='ocrx_word' id='word_1_146' title='bbox 890 2619 1073 2689; x_wconf 80' lang='lat' dir='ltr'><strong>explicaturus</strong></span> <span class='ocrx_word' id='word_1_147' title='bbox 1099 2621 1231 2689; x_wconf 84' lang='lat' dir='ltr'><strong>paulatim</strong></span> 
     </span>
     <span class='ocr_line' id='line_1_21' title="bbox 201 2711 1233 2784; baseline 0.002 -21"><span class='ocrx_word' id='word_1_148' title='bbox 201 2711 319 2780; x_wconf 79' lang='lat' dir='ltr'><strong>assurgit</strong></span> <span class='ocrx_word' id='word_1_149' title='bbox 347 2720 393 2774; x_wconf 88' lang='lat' dir='ltr'><strong>et,</strong></span> <span class='ocrx_word' id='word_1_150' title='bbox 424 2719 567 2782; x_wconf 82' lang='lat' dir='ltr'><strong>postquam</strong></span> <span class='ocrx_word' id='word_1_151' title='bbox 588 2713 765 2766; x_wconf 83' lang='lat' dir='ltr'><strong>incitamenta</strong></span> <span class='ocrx_word' id='word_1_152' title='bbox 786 2713 893 2784; x_wconf 84' lang='lat' dir='ltr'><strong>antiqui</strong></span> <span class='ocrx_word' id='word_1_153' title='bbox 920 2715 1037 2766; x_wconf 87' lang='lat' dir='ltr'><strong>oratoris</strong></span> <span class='ocrx_word' id='word_1_154' title='bbox 1058 2722 1087 2766; x_wconf 89' lang='lat' dir='ltr'><strong>et</strong></span> <span class='ocrx_word' id='word_1_155' title='bbox 1114 2717 1233 2782; x_wconf 84' lang='lat' dir='ltr'><strong>praemia</strong></span> 
     </span>
     <span class='ocr_line' id='line_1_22' title="bbox 202 2806 1233 2877; baseline 0.005 -21"><span class='ocrx_word' id='word_1_156' title='bbox 202 2806 360 2875; x_wconf 80' lang='lat' dir='ltr'><strong>percensuit</strong></span> <span class='ocrx_word' id='word_1_157' title='bbox 377 2807 548 2877; x_wconf 80' lang='lat' dir='ltr'><strong>formamque</strong></span> <span class='ocrx_word' id='word_1_158' title='bbox 565 2809 737 2862; x_wconf 80' lang='grc' dir='ltr'>ιιιιιιιοιιιιιι</span> <span class='ocrx_word' id='word_1_159' title='bbox 748 2818 777 2862; x_wconf 85' lang='grc' dir='ltr'><strong>ιι</strong></span> <span class='ocrx_word' id='word_1_160' title='bbox 796 2807 1019 2862; x_wconf 83' lang='lat' dir='ltr'><strong>consuetudinem</strong></span> <span class='ocrx_word' id='word_1_161' title='bbox 1045 2809 1120 2876; x_wconf 88' lang='lat' dir='ltr'><strong>prius</strong></span> <span class='ocrx_word' id='word_1_162' title='bbox 1135 2809 1233 2861; x_wconf 80' lang='lat' dir='ltr'><strong>minus</strong></span> 
     </span>
     <span class='ocr_line' id='line_1_23' title="bbox 201 2897 1272 2972; baseline -0.002 -18"><span class='ocrx_word' id='word_1_163' title='bbox 201 2901 359 2954; x_wconf 87' lang='lat' dir='ltr'><strong>adstrictam</strong></span> <span class='ocrx_word' id='word_1_164' title='bbox 378 2898 530 2970; x_wconf 85' lang='lat' dir='ltr'><strong>descripsit,</strong></span> <span class='ocrx_word' id='word_1_165' title='bbox 549 2903 767 2971; x_wconf 82' lang='lat' dir='ltr'><strong>postremum(c.</strong></span> <span class='ocrx_word' id='word_1_166' title='bbox 789 2903 822 2970; x_wconf 70' lang='lat'><strong>4⁰</strong></span> <span class='ocrx_word' id='word_1_167' title='bbox 825 2897 949 2972; x_wconf 88' lang='lat' dir='ltr'><strong>.)qucd</strong></span> <span class='ocrx_word' id='word_1_168' title='bbox 962 2903 1048 2953; x_wconf 85' lang='lat' dir='ltr'><strong>sentit</strong></span> <span class='ocrx_word' id='word_1_169' title='bbox 1063 2903 1233 2971; x_wconf 84' lang='lat' dir='ltr'><strong>pronuntiat,</strong></span> <span class='ocrx_word' id='word_1_170' title='bbox 1270 2922 1272 2926; x_wconf 54' lang='lat'><strong><em>¹</em></strong></span> 
     </span>
     <span class='ocr_line' id='line_1_24' title="bbox 202 2993 1235 3070; baseline 0 -22"><span class='ocrx_word' id='word_1_171' title='bbox 202 2996 388 3066; x_wconf 87' lang='lat' dir='ltr'><strong>eloquentiam</strong></span> <span class='ocrx_word' id='word_1_172' title='bbox 408 3009 466 3046; x_wconf 90' lang='lat' dir='ltr'><strong>esse</strong></span> <span class='ocrx_word' id='word_1_173' title='bbox 484 2993 620 3046; x_wconf 85' lang='lat' dir='ltr'><strong>alumnam</strong></span> <span class='ocrx_word' id='word_1_174' title='bbox 636 2995 773 3060; x_wconf 85' lang='lat' dir='ltr'><strong>licentiae,</strong></span> <span class='ocrx_word' id='word_1_175' title='bbox 789 2996 917 3070; x_wconf 85' lang='lat' dir='ltr'><strong>ideoque</strong></span> <span class='ocrx_word' id='word_1_176' title='bbox 927 2996 1001 3067; x_wconf 89' lang='lat' dir='ltr'><strong>apud</strong></span> <span class='ocrx_word' id='word_1_177' title='bbox 1017 2998 1156 3066; x_wconf 85' lang='lat' dir='ltr'><strong>antiquos,</strong></span> <span class='ocrx_word' id='word_1_178' title='bbox 1173 3011 1235 3048; x_wconf 86' lang='lat' dir='ltr'><strong>enm</strong></span> 
     </span>
    </p>

    <p class='ocr_par' dir='ltr' id='par_1_7' title="bbox 117 3080 1315 4008">
     <span class='ocr_line' id='line_1_25' title="bbox 117 3080 1233 3160; baseline 0.006 -23"><span class='ocrx_word' id='word_1_179' title='bbox 117 3080 122 3086; x_wconf 71' lang='grc'><em>’</em></span> <span class='ocrx_word' id='word_1_180' title='bbox 203 3088 320 3140; x_wconf 89' lang='lat' dir='ltr'><strong>licenter</strong></span> <span class='ocrx_word' id='word_1_181' title='bbox 335 3096 458 3156; x_wconf 83' lang='lat' dir='ltr'><strong>agerent,</strong></span> <span class='ocrx_word' id='word_1_182' title='bbox 478 3097 536 3141; x_wconf 84' lang='lat' dir='ltr'><strong>eam</strong></span> <span class='ocrx_word' id='word_1_183' title='bbox 555 3096 640 3140; x_wconf 88' lang='lat' dir='ltr'><strong>artem</strong></span> <span class='ocrx_word' id='word_1_184' title='bbox 656 3091 782 3160; x_wconf 79' lang='lat' dir='ltr'><strong>viguisse,</strong></span> <span class='ocrx_word' id='word_1_185' title='bbox 802 3092 851 3144; x_wconf 87' lang='lat' dir='ltr'><strong>sed</strong></span> <span class='ocrx_word' id='word_1_186' title='bbox 871 3091 939 3154; x_wconf 87' lang='lat' dir='ltr'><strong>ianr,</strong></span> <span class='ocrx_word' id='word_1_187' title='bbox 961 3106 1022 3145; x_wconf 88' lang='lat' dir='ltr'><strong>cum</strong></span> <span class='ocrx_word' id='word_1_188' title='bbox 1040 3098 1129 3144; x_wconf 80' lang='lat' dir='ltr'><strong>amota</strong></span> <span class='ocrx_word' id='word_1_189' title='bbox 1145 3089 1233 3144; x_wconf 83' lang='lat' dir='ltr'><strong>liecu-</strong></span> 
     </span>
     <span class='ocr_line' id='line_1_26' title="bbox 203 3181 1233 3255; baseline 0 -21"><span class='ocrx_word' id='word_1_190' title='bbox 203 3184 242 3234; x_wconf 85' lang='lat' dir='ltr'><strong>tia</strong></span> <span class='ocrx_word' id='word_1_191' title='bbox 260 3183 382 3236; x_wconf 88' lang='lat' dir='ltr'><strong>modeste</strong></span> <span class='ocrx_word' id='word_1_192' title='bbox 398 3185 551 3246; x_wconf 81' lang='lat' dir='ltr'><strong>viveretur,</strong></span> <span class='ocrx_word' id='word_1_193' title='bbox 571 3185 681 3237; x_wconf 86' lang='lat' dir='ltr'><strong>fraetsm</strong></span> <span class='ocrx_word' id='word_1_194' title='bbox 700 3202 764 3240; x_wconf 81' lang='lat' dir='ltr'><strong>esse·</strong></span> <span class='ocrx_word' id='word_1_195' title='bbox 784 3185 934 3239; x_wconf 87' lang='lat' dir='ltr'><strong>notabilem</strong></span> <span class='ocrx_word' id='word_1_196' title='bbox 960 3187 1059 3255; x_wconf 85' lang='lat' dir='ltr'><strong>prioris</strong></span> <span class='ocrx_word' id='word_1_197' title='bbox 1088 3181 1147 3238; x_wconf 87' lang='lat' dir='ltr'><strong>acri</strong></span> <span class='ocrx_word' id='word_1_198' title='bbox 1173 3183 1233 3236; x_wconf 82' lang='lat' dir='ltr'><strong>elo-</strong></span> 
     </span>
     <span class='ocr_line' id='line_1_27' title="bbox 200 3276 1235 3356; baseline 0 -28"><span class='ocrx_word' id='word_1_199' title='bbox 200 3280 350 3356; x_wconf 86' lang='lat' dir='ltr'><strong>quentiam.</strong></span> <span class='ocrx_word' id='word_1_200' title='bbox 387 3276 444 3348; x_wconf 85' lang='lat' dir='ltr'><strong>Qui</strong></span> <span class='ocrx_word' id='word_1_201' title='bbox 455 3278 574 3336; x_wconf 85' lang='lat' dir='ltr'><strong>Secundi</strong></span> <span class='ocrx_word' id='word_1_202' title='bbox 593 3281 742 3348; x_wconf 79' lang='lat' dir='ltr'><strong>orationem</strong></span> <span class='ocrx_word' id='word_1_203' title='bbox 755 3280 820 3335; x_wconf 86' lang='lat' dir='ltr'><strong>huic</strong></span> <span class='ocrx_word' id='word_1_204' title='bbox 831 3281 909 3350; x_wconf 85' lang='lat' dir='ltr'><strong>operi</strong></span> <span class='ocrx_word' id='word_1_205' title='bbox 927 3281 1055 3334; x_wconf 80' lang='lat' dir='ltr'><strong>insertam</strong></span> <span class='ocrx_word' id='word_1_206' title='bbox 1072 3279 1162 3330; x_wconf 76' lang='grc' dir='ltr'><strong>ιιιιιιιΙΙ</strong></span> <span class='ocrx_word' id='word_1_207' title='bbox 1172 3279 1235 3330; x_wconf 74' lang='lat' dir='ltr'><strong>eni·</strong></span> 
     </span>
     <span class='ocr_line' id='line_1_28' title="bbox 205 3371 1239 3442; baseline 0.002 -18"><span class='ocrx_word' id='word_1_208' title='bbox 205 3373 330 3434; x_wconf 79' lang='lat' dir='ltr'><strong>stimant,</strong></span> <span class='ocrx_word' id='word_1_209' title='bbox 348 3371 443 3426; x_wconf 81' lang='lat' dir='ltr'><strong>labans</strong></span> <span class='ocrx_word' id='word_1_210' title='bbox 461 3375 625 3436; x_wconf 73' lang='lat' dir='ltr'><strong>sententiam</strong></span> <span class='ocrx_word' id='word_1_211' title='bbox 644 3391 677 3428; x_wconf 81' lang='lat' dir='ltr'><strong>ex</strong></span> <span class='ocrx_word' id='word_1_212' title='bbox 694 3393 716 3429; x_wconf 85' lang='grc' dir='ltr'><strong>ι.</strong></span> <span class='ocrx_word' id='word_1_213' title='bbox 739 3377 777 3430; x_wconf 82' lang='grc'><strong>16.</strong></span> <span class='ocrx_word' id='word_1_214' title='bbox 788 3375 948 3430; x_wconf 76' lang='lat' dir='ltr'><strong>hauserunt</strong></span> <span class='ocrx_word' id='word_1_215' title='bbox 984 3374 1039 3427; x_wconf 82' lang='lat' dir='ltr'><strong>Sed</strong></span> <span class='ocrx_word' id='word_1_216' title='bbox 1052 3387 1108 3426; x_wconf 81' lang='lat' dir='ltr'><strong>suu</strong></span> <span class='ocrx_word' id='word_1_217' title='bbox 1121 3381 1163 3426; x_wconf 85' lang='lat' dir='ltr'><strong>est</strong></span> <span class='ocrx_word' id='word_1_218' title='bbox 1176 3374 1239 3442; x_wconf 66' lang='lat' dir='ltr'><strong>ipsu*</strong></span> 
     </span>
     <span class='ocr_line' id='line_1_29' title="bbox 205 3447 1234 3538; baseline -0.004 -16"><span class='ocrx_word' id='word_1_219' title='bbox 205 3467 347 3538; x_wconf 68' lang='lat' dir='ltr'><strong>Secundus</strong></span> <span class='ocrx_word' id='word_1_220' title='bbox 364 3466 414 3534; x_wconf 86' lang='lat' dir='ltr'><strong>qui</strong></span> <span class='ocrx_word' id='word_1_221' title='bbox 435 3447 614 3520; x_wconf 67' lang='lat' dir='ltr'><strong>addictarum</strong></span> <span class='ocrx_word' id='word_1_222' title='bbox 632 3465 675 3520; x_wconf 90' lang='lat' dir='ltr'><strong>ibi</strong></span> <span class='ocrx_word' id='word_1_223' title='bbox 692 3467 839 3536; x_wconf 82' lang='lat' dir='ltr'><strong>promittit,</strong></span> <span class='ocrx_word' id='word_1_224' title='bbox 865 3467 914 3521; x_wconf 88' lang='lat' dir='ltr'><strong>sed</strong></span> <span class='ocrx_word' id='word_1_225' title='bbox 932 3468 1072 3520; x_wconf 80' lang='lat' dir='ltr'><strong>Maternus</strong></span> <span class='ocrx_word' id='word_1_226' title='bbox 1087 3463 1234 3538; x_wconf 79' lang='lat' dir='ltr'><strong>pellicetus</strong></span> 
     </span>
     <span class='ocr_line' id='line_1_30' title="bbox 205 3557 1261 3630; baseline 0 -16"><span class='ocrx_word' id='word_1_227' title='bbox 205 3560 238 3614; x_wconf 70' lang='grc' dir='ltr'><strong>αι’</strong></span> <span class='ocrx_word' id='word_1_228' title='bbox 253 3567 282 3612; x_wconf 85' lang='grc' dir='ltr'><strong>ιι</strong></span> <span class='ocrx_word' id='word_1_229' title='bbox 299 3557 453 3612; x_wconf 86' lang='lat' dir='ltr'><strong>Secundum</strong></span> <span class='ocrx_word' id='word_1_230' title='bbox 472 3567 646 3614; x_wconf 82' lang='lat' dir='ltr'><strong>exsecuturos</strong></span> <span class='ocrx_word' id='word_1_231' title='bbox 664 3577 708 3616; x_wconf 85' lang='lat' dir='ltr'><strong>eas</strong></span> <span class='ocrx_word' id='word_1_232' title='bbox 725 3567 839 3630; x_wconf 72' lang='lat' dir='ltr'><strong>partes,</strong></span> <span class='ocrx_word' id='word_1_233' title='bbox 853 3577 920 3630; x_wconf 89' lang='lat' dir='ltr'><strong>quas</strong></span> <span class='ocrx_word' id='word_1_234' title='bbox 949 3559 1139 3618; x_wconf 76' lang='lat' dir='ltr'><strong>intellexerint</strong></span> <span class='ocrx_word' id='word_1_235' title='bbox 1158 3562 1239 3614; x_wconf 52' lang='lat' dir='ltr'><strong>tissa</strong></span> <span class='ocrx_word' id='word_1_236' title='bbox 1259 3599 1261 3604; x_wconf 68' lang='lat'><strong>,</strong></span> 
     </span>
     <span class='ocr_line' id='line_1_31' title="bbox 206 3649 1234 3726; baseline 0 -22"><span class='ocrx_word' id='word_1_237' title='bbox 206 3652 291 3704; x_wconf 83' lang='lat' dir='ltr'><strong>salam</strong></span> <span class='ocrx_word' id='word_1_238' title='bbox 310 3667 367 3703; x_wconf 89' lang='grc' dir='ltr'>ιιοιι</span> <span class='ocrx_word' id='word_1_239' title='bbox 384 3659 438 3704; x_wconf 83' lang='lat' dir='ltr'><strong>tam</strong></span> <span class='ocrx_word' id='word_1_240' title='bbox 458 3653 579 3706; x_wconf 83' lang='lat' dir='ltr'><strong>omisisse</strong></span> <span class='ocrx_word' id='word_1_241' title='bbox 598 3669 679 3724; x_wconf 87' lang='lat' dir='ltr'><strong>qnam</strong></span> <span class='ocrx_word' id='word_1_242' title='bbox 700 3656 765 3723; x_wconf 86' lang='lat' dir='ltr'><strong>ipsis</strong></span> <span class='ocrx_word' id='word_1_243' title='bbox 786 3654 943 3726; x_wconf 81' lang='lat' dir='ltr'><strong>reliquisse3</strong></span> <span class='ocrx_word' id='word_1_244' title='bbox 964 3665 1035 3723; x_wconf 82' lang='lat' dir='ltr'><strong>quae</strong></span> <span class='ocrx_word' id='word_1_245' title='bbox 1054 3649 1234 3706; x_wconf 81' lang='lat' dir='ltr'><strong>&#39;cst-huneri-</strong></span> 
     </span>
     <span class='ocr_line' id='line_1_32' title="bbox 206 3741 1315 3818; baseline -0.002 -20"><span class='ocrx_word' id='word_1_246' title='bbox 206 3746 256 3798; x_wconf 79' lang='lat' dir='ltr'><strong>fica</strong></span> <span class='ocrx_word' id='word_1_247' title='bbox 274 3741 355 3796; x_wconf 87' lang='lat' dir='ltr'><strong>amici</strong></span> <span class='ocrx_word' id='word_1_248' title='bbox 372 3746 697 3809; x_wconf 87' lang='lat' dir='ltr'><strong>commemoratic,nihil</strong></span> <span class='ocrx_word' id='word_1_249' title='bbox 715 3747 841 3818; x_wconf 80' lang='lat' dir='ltr'><strong>amplius.</strong></span> <span class='ocrx_word' id='word_1_250' title='bbox 877 3748 932 3802; x_wconf 83' lang='lat' dir='ltr'><strong>Sed</strong></span> <span class='ocrx_word' id='word_1_251' title='bbox 956 3748 1062 3818; x_wconf 79' lang='lat' dir='ltr'><strong>gravius</strong></span> <span class='ocrx_word' id='word_1_252' title='bbox 1090 3749 1234 3816; x_wconf 86' lang='lat' dir='ltr'><strong>estquod</strong></span> <span class='ocrx_word' id='word_1_253' title='bbox 1312 3767 1315 3774; x_wconf 91' lang='lat'><em>·</em></span> 
     </span>
     <span class='ocr_line' id='line_1_33' title="bbox 206 3837 1233 3914; baseline -0.003 -22"><span class='ocrx_word' id='word_1_254' title='bbox 206 3859 239 3894; x_wconf 81' lang='lat' dir='ltr'><strong>ex</strong></span> <span class='ocrx_word' id='word_1_255' title='bbox 260 3841 315 3894; x_wconf 82' lang='lat' dir='ltr'><strong>linc</strong></span> <span class='ocrx_word' id='word_1_256' title='bbox 333 3837 434 3914; x_wconf 81' lang='lat' dir='ltr'><strong>dialogi</strong></span> <span class='ocrx_word' id='word_1_257' title='bbox 454 3839 560 3910; x_wconf 89' lang='lat' dir='ltr'><strong>liquide</strong></span> <span class='ocrx_word' id='word_1_258' title='bbox 577 3849 690 3912; x_wconf 85' lang='lat' dir='ltr'><strong>apparet</strong></span> <span class='ocrx_word' id='word_1_259' title='bbox 709 3842 862 3898; x_wconf 87' lang='lat' dir='ltr'><strong>Secundum</strong></span> <span class='ocrx_word' id='word_1_260' title='bbox 874 3858 929 3896; x_wconf 87' lang='lat' dir='ltr'><strong>non</strong></span> <span class='ocrx_word' id='word_1_261' title='bbox 943 3851 1001 3894; x_wconf 80' lang='lat' dir='ltr'><strong>essa</strong></span> <span class='ocrx_word' id='word_1_262' title='bbox 1018 3843 1147 3894; x_wconf 79' lang='lat' dir='ltr'><strong>locutam.</strong></span> <span class='ocrx_word' id='word_1_263' title='bbox 1167 3841 1233 3891; x_wconf 87' lang='lat' dir='ltr'><strong>Nam</strong></span> 
     </span>
     <span class='ocr_line' id='line_1_34' title="bbox 198 3933 1235 4008; baseline 0.006 -22"><span class='ocrx_word' id='word_1_264' title='bbox 198 3936 345 3990; x_wconf 49' lang='lat' dir='ltr'><strong>¹blaternas</strong></span> <span class='ocrx_word' id='word_1_265' title='bbox 365 3939 427 4001; x_wconf 87' lang='lat' dir='ltr'><strong>post</strong></span> <span class='ocrx_word' id='word_1_266' title='bbox 446 3933 549 3989; x_wconf 81' lang='lat' dir='ltr'><strong>linitam</strong></span> <span class='ocrx_word' id='word_1_267' title='bbox 568 3939 718 3990; x_wconf 84' lang='lat' dir='ltr'><strong>oraticnem</strong></span> <span class='ocrx_word' id='word_1_268' title='bbox 739 3951 878 4008; x_wconf 75' lang='lat' dir='ltr'><strong>assurgens</strong></span> <span class='ocrx_word' id='word_1_269' title='bbox 895 3937 1052 4008; x_wconf 76' lang='lat' dir='ltr'><strong>Aprumquc</strong></span> <span class='ocrx_word' id='word_1_270' title='bbox 1078 3935 1235 4006; x_wconf 25' lang='lat' dir='ltr'><strong>camp-letus</strong></span> 
     </span>
    </p>
   </div>
   <div class='ocr_carea' id='block_1_6' title="bbox 0 0 1459 4720">
    <p class='ocr_par' dir='ltr' id='par_1_8' title="bbox 0 0 1459 4720">
     <span class='ocr_line' id='line_1_35' title="bbox 0 0 1459 4720; baseline 0 0"><span class='ocrx_word' id='word_1_271' title='bbox 0 0 1459 4720; x_wconf 95' lang='lat' dir='ltr'><strong> </strong></span> 
     </span>
    </p>
   </div>
  </div>
 </body>
</html>
