2886 4726
221 394 283 470 234
590 384 876 448 ursroamann
909 393 911 398 ·

62 594 90 661 (a
107 594 136 646 c,
154 595 209 663 7⁰·)
221 569 378 658 proaviam
400 587 486 629 snam
506 566 578 628 divo
593 563 670 626 lulio
687 585 740 646 per
750 565 864 628 Galbae
873 566 1000 628 bellanti
1022 580 1248 659 corporeaeque

221 677 373 742 adulterio
391 676 546 760 placuisse.
588 674 627 736 lli
647 676 770 736 secretis
789 675 976 736 sermonibus
995 679 1110 740 animoa
1131 691 1249 744 eetero-

94 785 100 804 ’
221 792 451 850 rumucrotari.
498 784 559 866 Ubi
583 803 658 868 quos
679 781 804 844 idoneos
823 783 969 846 rebantur
989 789 1172 851 conscientia
1192 790 1248 851 ob-
1285 773 1290 778 ’

222 897 383 968 strinxere,
405 893 437 954 in
457 892 575 954 colonia
590 890 803 975 Agrippinensi
823 892 856 950 in
876 889 1003 952 domum
1014 893 1164 974 privatam
1174 915 1251 956 con-

224 1007 358 1068 veniunt.
399 1003 479 1066 Nam
507 999 628 1084 publice
646 1001 754 1066 civitas
773 999 884 1062 talibus
904 1001 1031 1084 inceptis
1051 1001 1283 1074 abhorrebam

224 1116 369 1178 Attamen
389 1109 554 1172 interfuere
574 1106 697 1190 quidam
720 1106 873 1170 Ubiorum
893 1107 1157 1190 Tungrorumque.
1186 1109 1248 1170 Sed

224 1223 359 1304 plurima
379 1220 426 1282 vis
444 1237 536 1302 penes
555 1216 712 1278 Treveros
731 1215 953 1298 acabingonas.
996 1217 1058 1277 Nec
1071 1215 1168 1278 tulere
1180 1237 1251 1279 mo-

224 1353 274 1392 ras
296 1325 500 1391 consultandi.
551 1325 697 1386 Certatim
730 1323 924 1406 proclamant
953 1323 1062 1386 furere
1095 1321 1252 1386 discordiis

224 1435 370 1519 populum
398 1436 589 1511 Romanurn,
627 1449 729 1498 caesas
755 1430 909 1516 legiones,
941 1441 1086 1494 vastatam
1119 1431 1250 1513 ltaliam,

224 1545 292 1624 capi
311 1561 379 1604 cum
400 1541 529 1600 maxime
548 1537 677 1617 urbem,
711 1539 811 1599 omnis
836 1538 986 1600 exercitur
1011 1539 1072 1601 suis
1101 1561 1252 1624 quemque
1265 1567 1302 1610 to

225 1649 312 1712 bellis
332 1645 489 1710 distineri:
510 1648 536 1710 si
554 1647 648 1728 Alpes
668 1645 827 1729 praesidiis
839 1647 1009 1727 firmentur,
1034 1647 1145 1710 coalita
1158 1648 1252 1712 liber·

226 1771 289 1820 tate
311 1757 497 1839 dispectores
528 1753 641 1816 Gallias
675 1773 767 1836 quem
792 1757 905 1819 virium
935 1775 1063 1819 suarum
1086 1756 1250 1820 terminum

226 1866 334 1928 velint.
379 1864 462 1926 Haec
480 1861 562 1924 dieta
581 1863 697 1944 pariter
717 1862 912 1946 probataque.
960 1865 1008 1926 De
1037 1863 1170 1946 reliquiis
1194 1863 1250 1928 Vi.
1264 1853 1319 1933 56

226 1971 340 2034 telliani
360 1969 507 2032 exercitus
526 1970 717 2034 dubitavere.
740 1969 884 2054 Plerique
905 1971 1128 2033 interficiendos
1148 1991 1252 2032 cense-

226 2078 322 2152 bant,
355 2077 495 2138 turbidos
516 2078 638 2154 infidus,
665 2080 814 2157 sanguine
834 2077 947 2143 ducum
974 2081 1117 2160 pollutos.
1174 2079 1253 2143 Vicit
1269 2079 1303 2142 15
1427 2149 1428 2154 η

226 2185 305 2246 ratio
323 2183 485 2266 parcendi,
512 2203 550 2246 ne
581 2165 701 2246 sublata
722 2203 773 2267 spe
793 2188 902 2268 ueniae
922 2187 1121 2268 pertinaciam
1142 2211 1252 2251 accen.

225 2293 346 2355 derent.
389 2291 585 2354 adliciendos
607 2291 751 2374 polineio
772 2292 958 2356 societatem.
1000 2294 1121 2375 Legatis
1134 2305 1253 2356 tanturn

227 2399 381 2481 legionum
401 2396 568 2460 interfectis
592 2409 732 2462 ceterum
759 2399 866 2481 volgus
894 2399 1077 2460 conscicntia
1105 2399 1253 2461 scelernm

227 2513 258 2566 et
285 2525 338 2586 spe
364 2504 551 2584 impunitatis
573 2503 660 2564 sacile
683 2523 884 2565 accessurum.
940 2505 986 2564 Ea
1017 2506 1107 2588 primi
1137 2507 1252 2568 consilii

225 2613 335 2676 forma.
376 2613 520 2694 Missique
542 2629 594 2691 per
616 2611 731 2672 Gallias
750 2610 920 2670 concitores
942 2611 1022 2672 belli.
1071 2611 1304 2678 Simulatnrnun

227 2719 303 2802 ipsis
337 2716 540 2800 obsequium,
585 2735 648 2798 qun
683 2709 880 2776 incautiorem
912 2716 1060 2778 Voculam
1097 2720 1254 2802 opprime·

228 2838 312 2892 rent.
362 2827 424 2890 Nee
453 2825 575 2889 timuere
603 2823 656 2907 qui
684 2819 820 2884 Voculae
853 2824 1040 2888 nuntiarent.
1086 2825 1146 2887 Sed
1175 2827 1256 2888 vires

230 2936 271 3003 ed
305 2932 506 3000 coercendum
540 2933 691 3010 deerant,
741 2931 982 3016 infrequentibus
1018 2929 1179 3018 infidisque
1211 2931 1255 2996 le-

232 3043 384 3128 gionibus.
437 3042 521 3104 Inter
541 3038 697 3121 ambiguos
716 3037 826 3102 milites
847 3050 878 3102 et
900 3039 1032 3102 occultos
1053 3040 1153 3102 hostes
1173 3042 1269 3124 optiq¹

231 3173 315 3216 mum
337 3173 355 3214 e
374 3149 585 3233 praesentibus
604 3157 686 3206 ratus
704 3155 810 3206 mutua
839 3145 1076 3210 dissimulatione
1104 3159 1135 3210 et
1159 3147 1256 3210 isdem
1267 3153 1306 3214 25

232 3262 345 3343 quibus
365 3259 522 3343 petebatur
542 3256 658 3318 artibus
677 3256 814 3338 grassari,
838 3256 869 3317 in
889 3255 1038 3319 coloniam
1055 3256 1256 3338 Agrippinen·-

232 3389 294 3428 sem
314 3365 478 3431 descendit.
534 3361 610 3425 lllnc
634 3362 777 3424 Claudius
803 3365 930 3457 babeo,
965 3383 1055 3448 quem
1083 3377 1205 3448 captum
1224 3376 1255 3425 et

233 3483 319 3536 extra
338 3485 522 3538 conventum
541 3466 734 3534 amandatum
751 3471 783 3546 in
793 3471 909 3534 Frisios
928 3471 1079 3554 diximus,
1104 3473 1254 3555 corruptis

305 3663 343 3699 η
364 3645 535 3716 dispertiar-cr
549 3643 707 3701 Rhenanus:
728 3643 867 3717 diroeprne
884 3645 1017 3714 (Victurio
1035 3647 1116 3716 terte)
1133 3645 1184 3698 Mil

305 3741 344 3792 13.
365 3739 479 3810 reliquis
496 3739 585 3801 Bilss,
604 3743 632 3790 et
651 3753 689 3808 ¹7·
706 3737 847 3795 eliciendo
863 3739 916 3792 idi.
1075 3805 1079 3814 ι

303 3835 342 3887 25.
357 3833 463 3885 artibus
483 3834 561 3886 deest
576 3833 627 3884 111.
664 3834 737 3886 idem
755 3833 876 3905 gladius,
896 3851 951 3888 nun
970 3834 1108 3890 Claudius.

304 3940 618 3997 naturamnaturaim
634 3929 809 3984 amandatum
833 3933 872 3987 A:
901 3929 946 3981 lll³
976 3943 1056 3985 estro
1081 3935 1256 3984 commentum

236 4022 408 4080 amendatum
418 4061 427 4087 ,
448 4023 500 4075 BR
521 4037 599 4079 extra
616 4035 789 4078 commentum
807 4021 980 4078 emendatum.
1019 4027 1182 4095 Utrumque,
1199 4031 1255 4075 tam
