2880 4720
223 371 284 438 372
476 359 479 364 ’
562 364 619 426 DE
639 361 904 428 centonibus

73 575 75 587 t
220 547 341 612 Caesari
362 541 489 620 rastilit,
513 544 562 605 vel
583 546 742 628 captivitas
764 544 813 606 vel
836 541 1044 606 voluntateri
1075 543 1170 604 latum
1190 543 1248 604 ali·

220 654 302 737 quod
324 655 355 712 in
377 652 485 714 urbem
509 654 712 733 pertraxisset,
741 650 822 712 idem
848 661 880 712 et
908 651 1066 710 Caesarem
1096 650 1195 729 ipsum
1214 661 1246 710 ct

219 764 394 824 Ciceronem
418 759 527 822 andire
550 758 653 840 potuit
673 757 840 818 et‘nustris
859 778 981 839 quoque
1002 757 1171 818 actionibus
1196 757 1246 816 in-

179 909 182 918 ·
214 881 337 932 teresse.
380 858 524 928 Proximo
539 865 665 946 ¹quidem
686 865 841 946 congiario
861 866 918 945 ipsi
940 863 1056 926 vidistis
1085 864 1244 947 plerosque

214 999 318 1052 senes,
341 977 392 1057 qui
413 995 445 1035 se
464 995 481 1034 a
503 973 574 1032 divo
596 993 717 1054 quoque
739 973 878 1052 Augusto
900 969 993 1032 semel
1022 980 1114 1052 atque
1134 973 1273 1038 iterum5

213 1086 363 1169 accepisse
382 1082 568 1163 congiarium
591 1081 771 1142 narrabant.
814 1082 858 1142 Ex
881 1101 944 1162 quo
966 1077 1066 1159 colligi
1088 1090 1184 1159 potest
1210 1091 1242 1142 et

211 1191 377 1251 Corvinum
398 1189 436 1248 ab
460 1187 518 1246 illis
539 1197 568 1246 et
593 1186 732 1248 Asinium
754 1185 853 1245 audiri
882 1185 1035 1267 potuisses
1068 1209 1139 1248 nem
1161 1187 1256 1248 Cor-¹

211 1297 300 1355 vinus
321 1297 351 1354 in
373 1293 503 1354 medium
524 1313 620 1372 usque
641 1292 769 1372 Augusti
793 1293 1007 1372 principatum,
1029 1292 1239 1374 Asiniuspeue

210 1401 250 1460 ad
269 1411 434 1460 extremum
453 1398 584 1458 duravit.
628 1395 834 1456 Ne'dividatis
854 1397 1028 1473 sacculum,
1049 1411 1079 1459 et
1099 1399 1238 1481 antiquos

211 1527 245 1568 ac
267 1517 381 1566 veteres
390 1505 525 1565 vocitetis
544 1516 688 1580 oratores,
711 1525 788 1584 quos
801 1505 1139 1568 eorundembonsinum
1150 1529 1236 1568 aures
1251 1535 1286 1575 ιο

210 1633 374 1694 agnoscere
386 1633 422 1672 ac
445 1611 527 1672 velut
547 1612 732 1691 coniungere
753 1623 783 1670 ct
796 1611 938 1692 copulare
952 1625 1130 1693 potuerunt.
1152 1613 1235 1676 Haec
1247 1614 1302 1691 18

208 1719 277 1778 ideo
297 1716 454 1798 praedixi,
477 1728 511 1775 ut
531 1716 555 1776 si
577 1737 637 1798 qua
656 1737 691 1774 cx
710 1714 821 1774 horum
845 1727 1003 1776 oratorum
1024 1719 1106 1780 fama
1126 1719 1236 1802 gloria·

208 1845 268 1906 qne
289 1822 354 1883 lans
374 1823 560 1904 temporibus
581 1821 763 1902 acquiritur,
784 1821 912 1882 candem
925 1823 1067 1886 docerem
1087 1828 1117 1886 in
1134 1826 1237 1888 medio

206 1935 306 1993 sitam·
327 1940 358 1992 et
387 1930 560 2010 propiorem
582 1927 669 1988 nobis
688 1949 781 2008 quam
807 1929 914 2002 Servio
944 1930 1059 1992 Galbae
1083 1935 1235 1995 aut-Gaio

206 2037 348 2114 Carboni,
369 2056 508 2118 quosque
528 2033 604 2094 alios
626 2036 734 2094 merito
749 2039 885 2117 antiquos
907 2039 1129 2098 vocaverimus.
1154 2040 1281 2108 Sunt'15

206 2149 287 2205 enim
309 2144 426 2206 horridi
447 2155 478 2204 et
498 2139 630 2220 impoliti
651 2152 681 2198 et
715 2141 806 2202 rudes
837 2154 867 2202 et
898 2144 1066 2222 informas,
1093 2154 1122 2204 at
1157 2166 1234 2226 quos

150 2301 155 2329 ,
204 2239 321 2312 utinam
342 2271 380 2310 ne
402 2251 432 2310 in
455 2248 506 2308 illa
527 2257 618 2329 parte
649 2245 784 2307 imitatus
815 2261 889 2310 asset
913 2249 1027 2342 Calvus
1046 2262 1146 2316 vester
1179 2263 1233 2315 aut

205 2358 323 2419 Caelius
346 2367 397 2416 ant
415 2360 480 2438 ipse
502 2357 617 2416 Cicero.
658 2355 757 2436 Agere
776 2355 856 2416 enim
877 2355 985 2420 fortius
998 2360 1059 2420 iem
1074 2358 1233 2420 etauden·

202 2466 263 2526 tius
284 2463 373 2537 volo,
395 2464 420 2524 si
444 2461 520 2522 illud
541 2471 612 2522 ante
633 2463 830 2542 praedixero,
857 2466 971 2524 mutari
993 2483 1064 2527 cum
1087 2466 1232 2547 tempori·

202 2571 260 2632 bus
291 2570 403 2628 formas
432 2589 553 2650 quoque
584 2579 614 2628 et
641 2589 752 2651 genera
781 2567 911 2632 dicendi.
954 2570 1004 2632 Sic
1026 2570 1149 2632 Catoni·
1166 2573 1279 2640 aculon

203 2688 397 2759 comparatus
420 2677 513 2736 Gaius
532 2675 687 2737 Gracchus
706 2675 826 2756 plenior
848 2686 878 2734 et
900 2676 1041 2754 uberior3
1064 2681 1106 2739 sic
1131 2682 1236 2742 Grac-¹

203 2787 261 2848 cho
285 2783 408 2864 politior
430 2794 459 2843 ct
481 2787 620 2845 ornatior
642 2784 783 2854 Crassus;
806 2784 850 2842 sic
872 2793 1004 2865 utroque
1020 2775 1190 2854 distinctior
1201 2799 1231 2850 at

202 2893 353 2952 urbanior
382 2899 412 2949 et
439 2890 529 2949 altior
552 2889 678 2964 Cicero,
712 2885 857 2946 Cicerone
886 2887 994 2949 mitior
1023 2890 1171 2950 Corvinus
1197 2902 1237 2952 ct'

202 2998 372 3060 dulcior'et
392 2995 423 3056 in
443 2997 544 3058 verbis
575 2993 669 3074 magis
692 2991 873 3061 elaboratus.
914 2995 979 3056 llec
1011 3017 1126 3077 quaero
1161 2999 1229 3078 quis

200 3105 431 3166 disertissimus:
468 3103 527 3163 hoc
558 3099 680 3162 interim
703 3099 844 3180 probasse
862 3111 1022 3165 contentus
1051 3125 1138 3185 sum,
1167 3113 1278 3176 nou25

201 3235 264 3275 esse
285 3235 380 3274 uuum
402 3211 591 3290 eloquentiae
611 3206 745 3285 voltum,
779 3209 831 3286 sed
862 3211 893 3270 in
916 3209 1118 3294 illislquoque
1151 3229 1226 3291 quos

200 3321 319 3379 vocatis
339 3317 479 3396 antiquos
497 3315 597 3394 plures
619 3314 735 3394 species
754 3312 955 3395 deprehendi3
977 3335 1033 3376 nac
1053 3318 1154 3375 statim
1171 3315 1223 3374 de-

197 3427 291 3486 terius
313 3446 376 3486 esse
397 3420 480 3504 quod
501 3419 655 3480 diversum
693 3431 759 3498 est3
794 3421 866 3480 vitio
899 3430 1001 3482 autem
1030 3419 1224 3501 malignitatis

196 3519 347 3588 humanae
381 3538 485 3588 uetera
506 3545 623 3604 semper
653 3525 684 3583 in
705 3523 811 3600 laude,
846 3526 1014 3608 praesentia
1043 3527 1074 3588 in
1105 3523 1223 3586 fastidio

195 3653 269 3696 csse·
307 3633 387 3694 ttum
420 3633 591 3692 dubitamus
614 3631 751 3692 inventos
779 3631 933 3718 qui'praa
954 3633 1068 3696 Catone
1088 3631 1271 3714 Appium&

267 3849 304 3899 ¹7·
323 3847 357 3883 nc
376 3831 407 3882 s'u
424 3831 476 3882 illa
490 3833 629 3898 lduretus:
647 3830 738 3884 inulla
756 3830 777 3882 F
795 3839 863 3884 toste
881 3808 1033 3884 Schrautiol

261 3925 302 3976 ab·
320 3923 352 3974 in
371 3920 447 3974 deest
466 3922 497 3976 F.
535 3923 597 3976 Mur
618 3921 659 3973 30.
677 3941 747 3994 pras
766 3923 932 3978 Groslotlus:
952 3925 1057 3981 codices
1074 3945 1133 3998 pro.
