2886 4726
503 492 578 574 ura.¹
601 490 654 555 ir.
681 491 768 553 car.
793 493 925 559 adar.
1171 497 1258 562 ms·

187 658 246 720 'hil
269 665 409 744 prodesse
429 668 548 746 virtus,
583 670 645 730 sors
666 680 775 729 cuncta
798 635 942 747 turbare,
976 678 1006 728 et
1026 653 1266 748 iu'guavorumh
1288 670 1390 748 069)
1433 695 1434 698 ¹

200 791 289 852 saepe
310 769 379 834 telis
402 775 555 836 fortissimi
578 777 694 845 cadere.
719 821 722 833 .
746 778 834 857 Apud
865 777 1033 836 Germanos·
1062 773 1227 836 inconsulta

199 879 268 944 irat
298 881 454 944 Romanus
485 883 571 945 milas
604 883 815 966 periculorum
838 903 949 966 gnarus
969 884 1097 942 serratas
1121 881 1224 955 sudes,

198 985 302 1062 gravia
323 1003 388 1046 saxa
403 1010 470 1050 vnon
483 993 574 1058 vforte
596 991 733 1050 iaciebat.
776 978 847 1051 Uhi¹
860 1009 952 1048 sonus
971 988 1160 1049 molientium
1174 995 1233 1048 aut.

171 1079 353 1172 5appositae
374 1094 470 1154 scalae
488 1096 605 1155 bostem
629 1097 658 1154 ln
681 1090 787 1154 manus
801 1093 958 1167 dederant,
979 1095 1149 1176 propellere
1159 1115 1227 1154 um-
1256 1099 1260 1118 ⁴

196 1197 294 1271 bone,
332 1199 395 1279 pilo
427 1204 530 1281 sequi;
563 1201 673 1258 multos
695 1197 732 1275 qq
756 1201 1031 1282 moenia.egressos
1051 1201 1227 1283 pugionibus

196 1305 313 1370 fodere.
371 1307 421 1365 Sic
452 1307 594 1372 exhausta
625 1319 713 1366 nocte
743 1329 855 1366 novam
890 1309 982 1367 aciem
1013 1309 1076 1368 <lies
1101 1312 1225 1388 aperuit.

132 1381 186 1458 30
196 1415 375 1473 Eduxerant
396 1416 499 1473 Batavi
523 1405 643 1472 tirrrim‘
659 1414 773 1494 duplici
797 1413 955 1488 tabulato,
989 1437 1078 1496 quam
1100 1417 1225 1494 praeto-

193 1525 255 1580 riae
277 1527 389 1600 portae
409 1522 445 1600 (is
470 1521 671 1601 aequissimus
694 1523 789 1597 locus)
808 1521 1068 1600 propinquantem
1091 1522 1225 1602 promoti

146 1637 298 1688 ¹‘’contra
321 1625 414 1686 validi
437 1645 545 1686 asseres
568 1638 598 1686 et
620 1627 761 1688 incussae
783 1627 885 1686 trabes
905 1627 1095 1708 perfregere,
1127 1629 1241 1688 multa·

183 1737 428 1816 superstantium
452 1735 595 1820 pernicie.
646 1736 882 1816 Pugnatumque
901 1736 932 1794 in
953 1729 1105 1816 perculsos
1124 1735 1224 1796 subita

147 1879 151 1887 =
193 1852 222 1900 et
241 1863 384 1922 prospera
406 1842 575 1922 eruptione.
620 1843 716 1902 Simul
742 1843 952 1925 a'legionariis
976 1842 1086 1924 peritia
1101 1854 1131 1903 et
1151 1853 1217 1904 arto

132 2010 136 2016 ,
191 1947 415 2028 praestantibus
436 1948 523 2029 plura
544 1949 752 2010 struebantur.
795 1949 993 2028 Praecipuum
1015 1939 1246 2030 peroremus..-

192 2055 264 2139 tullt
284 2075 460 2135 suspensum
483 2068 512 2116 et
536 2068 646 2116 nutans
676 2057 971 2126 machinamentum,
1007 2077 1068 2134 quo
1096 2069 1219 2137 repente

149 2143 320 2221 ¹5demisso
343 2173 466 2241 praeter
487 2181 613 2218 suorum
637 2183 691 2220 ora
713 2161 821 2241 singuli
841 2159 979 2240 pluresve
1001 2161 1129 2222 hostium
1144 2165 1219 2224 sub.

186 2266 264 2325 ‘lime
285 2267 363 2345 rapti
386 2268 472 2322 verso
484 2265 712 2343 pondereintra
725 2277 822 2324 castra
843 2264 1083 2326 effundebantur.
1115 2269 1219 2330 Civilis

193 2372 301 2432 omissa
317 2370 520 2452 oppugnandi
542 2391 593 2450 spe
609 2391 717 2429 rursus
734 2392 791 2452 per
812 2374 910 2430 otium
939 2372 1107 2452 assidebat,
1139 2397 1221 2435 nurs-

192 2481 240 2539 tiis
262 2488 292 2538 et
313 2479 470 2558 promissis
491 2476 579 2536 fidem
602 2471 754 2557 legionum
778 2478 956 2540 convellens.

126 2571 173 2648 31
274 2585 410 2644 Haecin
435 2584 598 2643 Germania
621 2595 691 2644 ante
713 2586 916 2646 Cremonense
936 2586 1082 2668 praelium
1111 2601 1213 2670 gesta,

88 2712 91 2726 ¹
140 2689 275 2750 2⁰cutus
296 2699 438 2749 eventum
459 2687 576 2748 litterae
596 2689 690 2748 Primi
716 2693 837 2750 Antonii
861 2691 1018 2770 docuere,
1032 2695 1134 2756 addito
1146 2699 1215 2758 Cae·

192 2801 279 2858 cinae
302 2798 408 2858 edicto.
461 2797 500 2856 Et
531 2795 703 2875 praefectus
734 2797 868 2858 cohortis
890 2821 907 2859 e
928 2803 1034 2880 victis,
1074 2801 1214 2884 Alpinius
1275 2865 1282 2868 ..

134 2913 138 2920 '
191 2908 373 2974 Montanus,
397 2903 547 2962 fortunam
569 2907 699 2984 partium
722 2927 860 2985 praesens
883 2908 1043 2972 fatebatur.
1091 2913 1211 2974 Diversi

194 3011 266 3068 hinc
287 3020 386 3068 matus
407 3013 587 3068 animorum.
636 3013 752 3072 Auxilia
784 3013 934 3090 eGallia,
965 3018 1031 3096 quis
1052 3038 1106 3076 nec
1127 2997 1226 3078 ainos«

63 3117 123 3204 χ
188 3137 287 3196 neque
308 3116 412 3174 odium
433 3118 464 3174 in
487 3123 605 3211 partes,
636 3118 740 3178 militia
762 3123 825 3180 sine
847 3121 953 3182 affectu
968 3153 980 3199 ι,
1013 3115 1211 3188 hortantibus
1277 3153 1279 3163 ¹

185 3253 301 3311 i‘ichten.
341 3257 392 3307 Sed
411 3255 497 3305 multo
516 3253 621 3320 gravius
640 3256 695 3317 est,
721 3257 793 3326 quod
812 3273 845 3308 ue
864 3257 1084 3332 Parthi'qnidem
1111 3264 1140 3312 in
1161 3263 1211 3318 hac

187 3353 391 3421 oppugnatione
410 3365 478 3402 arcu
497 3351 536 3399 uti
563 3349 722 3417 potuissent.
760 3350 832 3417 Quid
859 3355 928 3404 euim
954 3355 1082 3406 Germani
1108 3365 1210 3426 conanv

177 3445 256 3518 ¹turi
275 3443 385 3510 Quippe
403 3443 452 3492 alii
473 3443 611 3496 moliendo
629 3445 749 3497 scindere
770 3448 884 3511 vallum,
911 3450 959 3500 alii
978 3453 1108 3518 appositis
1129 3455 1209 3506 scalis

186 3538 294 3588 moenia
315 3537 459 3588 ascendere
472 3524 604 3600 tentant,
632 3556 708 3590 cacco
735 3543 837 3610 impetu
860 3544 1034 3614 tenebrisque
1047 3548 1208 3617 'circumvo-

155 3697 161 3709 ,
186 3629 245 3678 lati.
281 3629 326 3680 Sic
343 3631 532 3701 ingruentibus
550 3647 627 3682 arctis
647 3637 730 3701 magis
748 3630 1014 3704 impedimento'snit
1040 3659 1118 3709 quam
1139 3644 1208 3694 usui.
1282 3689 1286 3698 ,

188 3705 280 3790 ltaque
299 3723 371 3774 unde
393 3724 492 3776 clamor
514 3726 661 3790 acciderat,
678 3707 1006 3802 circumdgerecorporu,
1021 3735 1139 3790 'tendere
1160 3757 1207 3790 ar-

187 3829 248 3876 tus,
274 3803 300 3864 h.
329 3835 351 3867 c.
369 3817 494 3871 manibus
521 3817 692 3894 pedibusque
710 3824 769 3874 niti.
789 3853 818 3864 -
839 3823 996 3878 Pauloante
1014 3843 1091 3882 casus
1110 3827 1208 3882 incerti

105 3951 108 3954 .
187 3927 237 3960 orn.
256 3909 313 3973 tt³;
333 3913 360 3962 in
381 3913 499 3981 snargine
521 3913 631 3965 exbibet
651 3917 875 3988 corsusinceptti.
935 3911 937 3918 ¹

261 4006 296 4057 sti.
308 4002 391 4080 'italia
409 4007 469 4068 Ma,
490 4016 517 4058 et
533 4027 574 4062 at.
595 4012 695 4064 evictus
714 4014 836 4084 ulpr'nius
856 4009 941 4065 6Μῆ

256 4103 294 4164 at.
312 4099 428 4151 arsilirias
449 4099 534 4156 GMa:
551 4102 653 4158 militia
670 4109 750 4158 tacite
769 4106 844 4160 tledit
862 4106 1014 4162 libruanns.
