2886 4726
433 513 437 525 ι
498 417 573 481 cin.
596 415 650 482 111.
673 413 763 478 cle.
786 418 921 482 sss-ss.
1090 385 1108 395 '‘
1148 419 1203 485 191

174 600 296 681 praeliis
316 599 430 663 laboris
447 621 482 664 ac
502 601 627 686 periculi
650 600 838 676 hausissent,
859 595 964 679 ,opere
990 595 1045 660 illo
1065 615 1205 695 pansum·
1221 595 1249 666 (⁸
1264 593 1293 646 0
1313 593 1370 662 ὅθ)

108 718 113 724 “
173 709 251 770 suari
265 706 465 772 clamitantes.
502 709 622 771 Urbem
632 708 750 772 senatui
763 725 797 767 ac
809 706 924 788 popolo
933 707 1083 786 Romano,
1094 706 1208 790 templa

174 817 221 878 dis
243 817 383 878 reddita:
404 819 563 900 proprium
582 835 645 877 esse
667 814 771 876 militis
789 811 883 875 decas
902 814 934 874 in
957 813 1076 876 caetris.
1118 813 1207 878 lllam

175 927 322 1004 patriam,
341 925 408 989 illos
427 937 565 1011 penates.
608 925 647 985 lli
669 929 772 988 statim
802 921 1005 1012 recipiantur,
1032 931 1153 984 noctem
1173 921 1207 988 in

146 1033 265 1101 5arruis
284 1030 442 1117 agendam.
482 1034 599 1097 Contra
610 1032 783 1110 Vitelliani,
803 1051 976 1114 quanquam
988 1049 1117 1093 numero
1129 1031 1206 1094 fato·

170 1111 234 1222 lpus
256 1141 402 1224 dispares,
425 1143 599 1226 inquietare
615 1140 794 1217 victoriam,
815 1125 928 1200 mdrari
949 1157 1075 1220 pacem,
1097 1138 1209 1202 domos

159 1269 302 1332 ‚arasque
322 1268 433 1312 cruore
454 1250 595 1324 foedare,
631 1265 773 1330 suprema
795 1245 882 1308 victis
908 1243 1015 1309 solatia
1042 1245 1217 1330 amplecte..-

172 1356 298 1424 bautnr.
339 1353 432 1418 Multi
452 1356 641 1417 semianimes
660 1371 751 1432 super
783 1359 884 1413 turroe
914 1361 945 1412 et
976 1351 1208 1435 propugnacula

92 1451 93 1456 ¹
172 1461 341 1524 incenium
361 1463 559 1544 exspiravere.
617 1458 778 1519 Conuolsis
810 1459 907 1540 portis
936 1456 1073 1541 reliquus
1101 1460 1208 1545 globus

127 1565 284 1632 roobtulit
313 1582 347 1626 se
373 1565 563 1644 victoribus;
599 1575 630 1626 et
662 1562 802 1626 cecidere
817 1583 923 1625 omnes
943 1565 1103 1626 contrariis
1123 1564 1208 1630 ,vol-
1257 1625 1259 1632 ,

172 1669 313 1748 neribus,
347 1674 426 1734 turri
446 1671 479 1732 in
500 1669 635 1733 bostem:
663 1690 704 1732 ea
724 1689 798 1732 cura
816 1671 907 1731 etiem
928 1655 1132 1734 morientibus
1153 1671 1206 1734 de·

173 1779 238 1842 cori
260 1780 356 1842 exitus
376 1782 446 1844 fuit.
905 1842 907 1848 ,

145 1913 149 1917 ·
253 1885 393 1950 Vitellius
414 1898 503 1971 capta
523 1887 602 1950 urbe
619 1907 675 1970 per
695 1907 830 1952 aversam
850 1883 957 1971 palatii
966 1897 1085 1971 partem
1101 1885 1209 1950 Aven-

129 2001 133 2005 '
173 1991 273 2054 tinum
298 1995 330 2054 in
349 1995 474 2056 domum
494 1997 595 2056 uxoris
616 1991 724 2070 sellula
745 1993 904 2074 defertur,
924 2003 961 2054 ut
981 1993 1006 2057 si
1027 1995 1109 2056 diem
1131 1991 1208 2056 late·

122 2097 158 2162 15
171 2101 231 2164 bra
251 2101 417 2178 vitavisset,
439 2102 642 2163 Tarracinam
665 2100 705 2163 ad
725 2100 871 2163 cohortes
890 2097 1079 2182 fratremque
1098 2099 1231 2181 persa.n

172 2221 272 2294 geret.
314 2209 395 2270 Dein
422 2207 593 2268 mobilitate
612 2209 748 2292 ingenii,
787 2219 818 2270 et
852 2222 933 2290 quae
958 2217 1072 2270 natura
1089 2207 1209 2289 pavoris

170 2327 234 2392 est,
257 2335 328 2388 curn
346 2313 450 2375 omnia
472 2317 620 2376 metuenti
640 2314 811 2394 praesentia
841 2315 971 2376 maxime
1003 2313 1209 2398 displicerent,

173 2423 206 2496 in
225 2421 374 2505 palatium
403 2421 576 2504 regreditur
595 2429 713 2484 vastum
731 2419 960 2504 desertumque,
978 2419 1101 2506 dilapsis
1118 2424 1209 2484 etiam

172 2532 284 2593 infimis
303 2531 509 2608 servitiorum,
526 2540 579 2591 aut
598 2549 760 2592 occursum
779 2529 844 2594 eius
866 2529 1096 2595 declinantibus.
1128 2530 1209 2592 Ter·

122 2665 163 2709 20
176 2650 221 2700 ret
242 2638 373 2700 solitudo
392 2647 424 2700 et
443 2645 577 2700 tacentes
595 2635 676 2718 loci3
697 2647 795 2700 tentat
815 2636 936 2719 clausa,
960 2637 1141 2702 inhorrescit
1156 2659 1209 2703 ra·

150 2771 152 2774 ·
176 2747 262 2825 cuis3
285 2749 437 2830 fessusque
458 2747 568 2808 misero
588 2763 718 2824 errore,
747 2755 778 2806 et
797 2745 942 2828 pudenda
971 2744 1091 2808 latebra
1114 2757 1209 2810 seruet

161 2851 351 2932 voccultans,
373 2853 413 2914 ab
437 2851 516 2914 lulio
535 2849 663 2916 Placido
681 2849 808 2914 tribuno
840 2851 987 2914 cohortis¹
1009 2853 1209 2935 protrahitur.

176 2959 306 3022 Vinctae
326 2981 407 3043 pone
427 2967 548 3042 tergum
571 2979 697 3039 manus,
722 2957 835 3020 laniata
852 2968 957 3036 veste,
980 2960 1102 3022 foedum
1126 2981 1209 3042 spec·

176 3025 334 3146 tadulum,
356 3065 541 3142 ducebatur,
575 3067 678 3127 multis
697 3031 940 3148 increpantibus,
974 3064 1060 3127 nullo
1095 3064 1210 3128 illacri-

124 3176 166 3242 25
176 3181 297 3234 mantes
321 3169 497 3237 deformitas
518 3170 615 3232 exitus
635 3169 873 3233 misericordiam
894 3167 1069 3237 abstulerat.
1089 3171 1210 3235 Obvius
1326 3255 1329 3261 Ι

177 3278 407 3342 eGermanicia
427 3278 576 3340 militibus
598 3276 755 3360 Vitellium
788 3277 897 3340 infesto
921 3259 1001 3356 ictu,
1037 3301 1091 3361 par
1121 3280 1207 3358 iram,

175 3385 225 3448 vel
246 3407 308 3470 quo
328 3387 478 3447 maturius
499 3384 636 3446 ludibrio
665 3385 828 3460 eximeret,
859 3408 898 3447 cn
933 3387 1095 3453 tribunum
1119 3407 1209 3470 appe·

177 3495 279 3572 tierit,
301 3497 333 3554 in
354 3493 470 3559 incerto
492 3493 571 3552 fuit:
594 3512 699 3554 aurem
722 3492 840 3556 tribuni
860 3493 1029 3578 amputavit
1048 3513 1085 3555 ac
1107 3495 1209 3556 statim

109 3593 167 3672 85
180 3604 333 3666 confossus
353 3615 408 3666 est.
448 3597 605 3688 Vitellium
620 3602 734 3664 infestis
750 3605 949 3683 mucronibus
963 3611 1102 3664 coactum
1117 3601 1210 3665 modo

127 3711 296 3792 boerigere
329 3733 362 3772 os
390 3723 421 3772 et
449 3708 558 3771 offerre
583 3708 788 3791 contumeliis,
818 3733 900 3774 nunc
923 3708 1066 3775 cadentes
1093 3719 1210 3772 statuas

179 3839 259 3894 suas,
281 3820 460 3904 plerumque
484 3831 584 3883 rostra
604 3831 657 3883 aut
678 3821 795 3884 Galbae
821 3821 912 3884 occisi
932 3819 1034 3884 locam
1057 3820 1226 3896 contueris

179 3937 336 4009 postremo
358 3929 395 3991 ad
418 3931 595 4008 Gemonias,
617 3930 671 3991 ubi
691 3951 805 4013 corpus
817 3929 915 3993 Flavii
935 3929 1041 4012 Sabini
1060 3907 1207 4001 iacuerat,

179 4031 354 4114 propulere.
394 4033 467 4094 Una
490 4053 547 4097 vox
570 4055 631 4096 non
654 4034 812 4116 degeneris
840 4035 935 4096 animi
964 4043 1107 4116 excepta,
1141 4050 1210 4090 eum
