2914 4724
437 535 441 543 ἱ
474 522 478 536 ‚
532 453 602 511 un.
627 453 649 510 1.
670 451 759 512 can.
779 454 909 532 sumus.
1171 443 1231 528 ,43
1291 503 1293 514 .

185 649 187 657 ‘
203 633 332 696 tissimus
351 653 368 694 e
389 633 494 716 legatis
513 633 633 694 Fabius
652 631 777 694 Valens.
804 631 831 690 ls
848 629 897 690 die
918 621 1058 710 proximo
1081 623 1231 687 coloniam
1243 616 1270 687 (ῑ1
1286 615 1314 670 C·
1332 620 1392 686 ⁶9)

202 741 459 825 Agrippinensem
489 763 558 802 cum
594 717 747 822 equitibus
777 737 902 821 legionis
940 734 1229 814 auxiliariorumque

202 851 354 929 ingressus
376 849 586 932 imperatorem
600 845 759 908 Vitellium
780 844 992 907 consalutauit.
1033 843 1159 906 Secutae
1178 843 1228 902 in·

131 1019 135 1026 ,
201 956 282 1034 genti
303 957 468 1016 certamine
491 954 625 1017 eiusdem
646 951 824 1034 propinciae
851 949 999 1032 legiones3
1027 958 1059 1010 et
1093 945 1228 1028 superior

169 1056 370 1139 5exercitns,
405 1065 543 1144 speciosis
572 1069 694 1143 senatus
715 1057 877 1139 populique
907 1055 1037 1118 Romani
1058 1053 1229 1116 nominibus

166 1201 167 1204 ¹
200 1166 326 1246 relictis,
359 1170 484 1230 tertium
513 1187 608 1228 nonas
628 1167 783 1226 lanuarias
803 1163 925 1224 Vitellio
951 1164 1082 1224 accessit.
1128 1162 1229 1224 Scires

200 1271 290 1336 illurn
310 1275 417 1354 priore
439 1272 533 1334 biduo
561 1295 623 1332 non
644 1293 735 1354 penes
756 1293 819 1334 rem
840 1271 992 1356 publicam
1022 1271 1122 1333 fuisse.
1162 1268 1227 1330 Ar-

202 1378 521 1455 dorem'enercitunm¹
535 1375 771 1460 Agrippinenses
798 1379 925 1440 Treveri
946 1379 1098 1460 Lingones
1119 1397 1228 1459 aequa·

201 1485 287 1564 bant,
315 1487 422 1548 currilia
453 1505 544 1566 equos
565 1507 652 1548 arma
674 1489 816 1570 pecunias
848 1488 1021 1565 offerentes,
1046 1463 1228 1568 utquisque

154 1613 324 1674 incorporo
351 1593 458 1674 opibus
479 1594 601 1675 ingenio
625 1593 753 1662 validus.
803 1595 867 1656 Nee
889 1593 1039 1674 principes
1058 1593 1150 1655 modo
1174 1615 1228 1656 co.

198 1697 352 1758 loniarum
372 1711 424 1760 ant
444 1691 632 1792 castrorum,
661 1703 780 1786 quibus
799 1702 969 1784 praesentia
989 1723 1023 1764 ex
1044 1702 1178 1762 affluenti
1199 1713 1229 1764 et

198 1815 284 1885 parta
303 1806 430 1866 victoria
452 1827 583 1889 magnae
604 1808 691 1888 spes:
723 1807 776 1869 sed
795 1807 939 1889 manipuli
963 1829 1084 1892 qnoque
1107 1817 1139 1870 et
1159 1829 1228 1891 gre-

198 1909 298 1990 garius
322 1911 407 1970 miles
426 1911 535 1974 viatica
567 1934 622 1974 sua
651 1925 681 1974 et
710 1913 824 1976 balteos
859 1913 1071 1998 phalerasque,
1100 1915 1256 1998 insignia,

198 2037 357 2080 armornm
369 2030 494 2099 argento
511 2022 633 2104 decora,
649 2021 726 2098 loco,
735 2027 880 2106 pecuniae
896 2023 1067 2100 tradebant,
1080 2025 1229 2084 instinctu

131 2118 186 2196 58
199 2132 230 2182 et
248 2126 366 2204 impetu
396 2133 427 2184 ct
454 2129 588 2186 avaritia.
637 2128 731 2208 Igitur
755 2128 878 2190 laudata
900 2127 1031 2186 militum
1061 2126 1229 2205 alacritate,

200 2229 341 2291 Vitellius
368 2229 535 2288 ministeria
561 2207 748 2314 principatus
777 2254 836 2312 per
866 2231 988 2291 libertos
1016 2231 1065 2314 egi
1091 2231 1176 2294 solita
1198 2236 1229 2296 in

199 2339 322 2420 equites,
346 2339 502 2398 Romanos
537 2335 684 2416 disponit;
722 2341 898 2400 vacationes
935 2338 1161 2402 centurionibus
1183 2365 1228 2414 ,ex

126 2439 130 2449 ¹
199 2447 272 2506 fisco
299 2453 460 2523 numerat3
494 2445 651 2514 saevitiam
678 2445 807 2504 militurn
841 2445 998 2527 plerosque
1030 2446 1068 2506 ad
1099 2439 1227 2528 positam

178 2543 180 2550 ’
199 2553 425 2635 exposcentium
451 2553 569 2632 saepius
591 2549 748 2632 adprobat,
777 2553 885 2632 partim
904 2550 1096 2615 simulatione
1116 2557 1226 2622 vinco.

89 2643 92 2649 ¹
150 2657 294 2720 uolonum
317 2661 499 2746 frustratur.⁸
538 2636 710 2739 'Pompeius
733 2657 925 2740 Propinquus
957 2671 1141 2740 procurator
1159 2665 1226 2728 Bal.-

135 2795 138 2801 =
196 2767 278 2846 gicae
307 2766 410 2826 statim
440 2765 621 2828 interfectus.
680 2765 790 2827 Iulium
821 2765 995 2828 burdonem
1030 2769 1226 2838 Germanicae
1282 2759 1285 2764 ¹

198 2871 296 2935 classis
314 2873 502 2953 praefectum
526 2885 592 2934 astu
613 2862 771 2936 subtraxit.
819 2874 987 2960 *Exarserat
1018 2877 1048 2937 in
1072 2901 1141 2941 eum
1165 2884 1226 2946 ira-

197 2975 307 3036 cundia
337 2979 497 3056 exercitus,
525 2988 669 3060 tanquam
699 2973 814 3041 crimen
834 3001 967 3042 actmox
994 2983 1117 3050 insidias
1144 2977 1246 3050 Fon-f

167 3103 168 3106 ¹
198 3071 440 3166 tcio‘Capitoui¹
458 3077 621 3154 struxissri.
668 3088 765 3150 Grata
793 3097 859 3150 erat
883 3089 1029 3150 memoria
1053 3092 1225 3174 Capitonis3

135 3187 188 3277 2²5
199 3199 228 3249 et
251 3192 333 3271 spurt
353 3189 521 3255 saevientes
544 3193 683 3255 occidere
710 3193 833 3276 palam,
849 3195 1001 3276 ignoscere
1020 3201 1142 3260 nonnisi
1154 3203 1224 3262 ‚lal-

197 3297 289 3360 lendo
310 3298 429 3359 licebat.
476 3301 522 3360 lta
544 3303 575 3360 in
608 3301 744 3361 custodia
763 3301 896 3378 babitus,
924 3313 955 3368 et
975 3313 1047 3386 post
1066 3306 1227 3371 victoriam

196 3407 320 3466 demum
341 3409 440 3468 stratis
461 3409 521 3468 iam
538 3408 668 3468 militum
676 3418 684 3475 ἰ
692 3408 770 3470 odiis
793 3411 931 3474 dimissus
952 3421 1005 3476 est.
1047 3411 1174 3476 Interim
1193 3428 1228 3478 ut

197 3515 349 3595 piaculum
371 3515 515 3576 obiicitur
537 3517 676 3577 centurio
701 3518 873 3599 Crispinus:
905 3515 1050 3598 sanguine
1073 3521 1228 3606 Capitonis

197 3634 479 3706 setcruentaverat3
503 3647 599 3710 eoque
617 3637 648 3688 et
669 3625 894 3708 postulantibus
914 3623 1099 3712 manifestior
1120 3639 1150 3690 et
1171 3649 1228 3711 pu·

205 3785 477 3798 Ἢ...

282 3879 306 3931 8.
326 3879 492 3948 agripieuses
511 3879 568 3940 tta,
588 3885 616 3928 et
635 3881 752 3944 treviri,
776 3887 839 3946 etp
864 3857 1018 3945 pecuniarii·

270 3989 307 4040 ¹9·
323 3973 424 4042 partim
443 3973 569 4044 Lipsius.-
587 3973 631 4024 Ma
648 3991 739 4046 paro„
760 3976 808 4026 alii
826 3975 906 4046 pori.'

265 4068 303 4120 28.
321 4085 349 4122 se
368 4067 444 4120 desiit
460 4069 511 4123 lac.
533 4065 691 4133 Gronoiius,
713 4072 782 4124 Anto
800 4071 880 4127 statis
897 4087 945 4142 pro
969 4069 1062 4125 stratis
1084 4064 1138 4123 Mt.
