2886 4726
252 428 312 488 9³20
610 421 897 484 lllSTOIilAliUll

253 603 396 687 pavidum
416 623 535 673 socors,
559 604 740 662 adventante
762 602 869 680 Civile,
891 603 986 684 raptis
1006 611 1117 660 temere
1136 602 1227 661 armis
1244 623 1281 661 ae

251 715 352 774 statim
371 713 509 786 omissis,
530 713 562 770 iu
583 711 686 792 lugam
708 721 882 770 vertuntur.
926 711 985 770 Res
999 709 1143 770 adversae
1161 708 1279 770 discur-

251 822 332 880 diam
353 837 514 900 peperere,
537 821 573 879 iis
597 824 650 902 qui
673 841 690 879 e
710 819 869 900 superiore
889 819 1024 880 exercitu
1045 829 1133 877 erant
1156 839 1279 880 cainam

252 949 338 988 suam
358 927 594 988 dissociantibus.
638 927 752 988 Vitellii
775 937 883 992 umen
895 929 1040 1008 imagines
1060 929 1091 984 in
1117 929 1225 988 castris
1249 939 1279 1002 et

252 1057 306 1118 per
327 1039 476 1118 proximas
493 1035 654 1116 Belgarum
675 1035 815 1094 civitates
838 1035 1006 1115 repositae,
1037 1053 1109 1092 cum
1140 1034 1199 1093 iam
1220 1033 1310 1094 v1.5

252 1145 353 1214 tellina
380 1141 543 1206 occidisset.
599 1143 677 1202 Dein
707 1142 813 1201 mutati
840 1142 872 1200 in
902 1141 1120 1222 paenitentiam
1148 1141 1280 1221 primani

254 1251 457 1332 quartanique
476 1259 507 1310 et
526 1250 795 1310 duoetvicesimani
816 1248 966 1310 Voculam
986 1259 1175 1330 sequuntur3
1198 1248 1280 1328 apud

255 1377 347 1439 quem
366 1365 521 1437 resumpto
544 1355 720 1438 Vespasiani
740 1365 933 1418 sacramento
951 1356 991 1416 ad
1008 1355 1202 1419 liberandum
1215 1360 1282 1416 Ma-

253 1467 382 1544 gouiiaci
418 1461 573 1524 obsidium
600 1463 800 1522 ducebantur.
855 1459 1063 1528 Discesserant
1091 1463 1279 1540 obsessores,

255 1572 365 1630 mixtus
401 1592 436 1631 ex
462 1563 583 1630 chattis
614 1570 731 1652 Usipiis
757 1571 908 1630 Mattiacis
938 1571 1110 1648 exercitus,
1145 1572 1332 1632 satietatem
1426 1641 1427 1648 ἶ

254 1676 385 1759 praedae
407 1699 463 1738 nec
482 1679 646 1738 incruenti.
696 1679 729 1734 ln
758 1681 807 1736 via
837 1676 986 1758 dispersos
1008 1687 1038 1736 et
1058 1683 1173 1740 nescios
1194 1679 1283 1739 miles

255 1781 359 1846 noster
392 1785 552 1844 invaserat.
603 1783 687 1861 Quin
713 1794 744 1842 et
773 1781 899 1842 lou'cam
929 1781 1101 1865 vallumque
1128 1807 1183 1864 per
1210 1785 1284 1846 fines

254 1911 324 1950 suos
345 1891 473 1950 Treveri
493 1899 646 1962 streame,
675 1889 854 1970 magnisque
881 1893 911 1948 iu
933 1890 1030 1950 ricem
1055 1889 1190 1952 cladibus
1213 1915 1281 1952 curu

255 1997 414 2057 Germanis
437 1998 615 2068 certabant,
648 1996 745 2058 donec
770 1997 888 2078 egregia
910 2015 980 2078 erga
1002 1995 1148 2078 populum
1170 1999 1281 2060 Roma·

256 2125 329 2164 uum
344 2103 450 2164 merita
471 2123 540 2164 mox
561 2105 688 2169 rebelles
708 2104 880 2166 foedarent.
1165 2171 1169 2179 ,
1297 2109 1333 2168 ι5

95 2211 243 2282 (ausu.)
343 2215 460 2272 interea
481 2211 683 2301 Vespasianus
703 2216 815 2275 iterum
836 2235 871 2274 ac
893 2214 984 2274 Titus
1007 2214 1200 2274 consulatum
1227 2209 1281 2270 ab·
1295 2205 1350 2314 38Ι

97 2317 124 2386 (²
142 2317 170 2370 C·
190 2321 243 2390 7⁰·)
256 2325 353 2378 saules
373 2319 524 2394 inierunt,
560 2333 673 2383 maesta
701 2331 732 2382 et
752 2321 914 2402 multiplici
938 2333 1019 2382 metu
1045 2339 1187 2400 suspensa
1208 2321 1283 2380 civi·

133 2453 136 2457 ·
235 2430 342 2500 'tatc,
381 2447 459 2508 quae
482 2449 572 2509 super
591 2427 734 2490 instantia
755 2427 835 2488 mala
857 2427 947 2488 falsos
970 2449 1096 2507 pavores
1119 2426 1283 2504 induerat,

256 2530 414 2594 descivisse
443 2532 574 2593 Africam
604 2556 653 2596 res
681 2553 775 2594 novas
795 2533 937 2593 moliente
957 2534 1051 2594 Lucio
1079 2533 1199 2595 Pisone
1255 2539 1285 2597 ls

256 2649 396 2722 praeerat
427 2641 625 2720 provinciae,
666 2659 855 2720 nequaquam
884 2639 1024 2699 turbidus
1056 2640 1201 2721 ingenio:
1233 2637 1336 2700 sedan

253 2797 537 2812 mut-⁴

1284 2825 1303 2870 b

344 2905 368 2955 7.
385 2883 636 2960 duoetvicesimani]
657 2887 745 2954 Vulgo
765 2887 858 2955 tegunt
888 2885 1138 2944 duodevicesimam·
1161 2889 1284 2942 Medicas

258 2983 359 3046 invito,
379 2983 500 3056 itemque
518 2985 600 3053 paulo
619 2992 681 3035 aute
699 2983 763 3050 (IV,
783 2981 836 3051 24.)
853 2987 986 3052 optimum
1004 2986 1102 3037 ducem
1128 2987 1187 3037 aine
1206 3003 1287 3040 eausa

259 3079 410 3133 deseruere.
445 3077 513 3130 Nam
543 3075 784 3132 duoetvicesimaui
809 3081 908 3146 partim
939 3079 969 3129 iu
994 3079 1102 3131 ltaliam
1129 3083 1286 3149 transgressi

260 3185 340 3236 suut,
359 3175 454 3246 partim
473 3173 507 3224 ad
524 3175 613 3224 Rheni
631 3173 715 3242 ripam
734 3181 933 3236 remanserunt,
961 3175 1038 3225 novis
1063 3173 1217 3228 delectibus
1240 3183 1288 3226 nt«-

261 3283 368 3343 eouque
387 3269 515 3339 suppleti.
537 3269 598 3321 vid.
617 3271 656 3326 li.
675 3273 717 3336 57.
754 3268 926 3340 Quapropter
944 3268 1040 3339 eodem
1058 3277 1180 3338 tempore
1202 3279 1230 3322 et
1257 3273 1288 3324 in

260 3369 340 3420 ltalia
370 3367 451 3420 etad
477 3364 598 3420 Rhenum
628 3365 889 3420 duoetvicesimanos
916 3365 1118 3418 commemorari
1149 3366 1285 3418 neminem
1322 3429 1326 3440 ι

263 3463 382 3515 debebat
401 3464 519 3518 turbare.
555 3461 653 3514 Omnia
672 3463 779 3514 miscuit
798 3461 912 3536 Pighena
929 3461 964 3514 ad
982 3463 1003 3523 l,
1023 3460 1226 3530 55.‚-uteoque
1239 3478 1287 3513 sua

247 3543 447 3624 'disputatione
466 3557 633 3612 waltherum
652 3573 809 3626 suspensum
829 3559 936 3618 tenuit,
960 3564 991 3608 ut
1019 3559 1041 3606 is
1059 3557 1205 3626 quinquies
1226 3557 1286 3606 sine

263 3665 341 3702 eausa
361 3653 431 3702 allia
448 3655 582 3707 deiiceret.
602 3649 675 3704 Cous
700 3652 756 3719 ipse
775 3651 809 3703 ad
829 3653 851 3715 l,
869 3651 910 3707 55.
929 3651 977 3714 IV,
1000 3653 1040 3719 24.
1058 3656 1101 3719 37.
1120 3653 1190 3720 Lege
1201 3651 1286 3702 etiam

262 3761 321 3797 mca
342 3745 376 3796 ad
394 3749 420 3809 1,
444 3753 482 3799 id.

335 3860 372 3892 ro.
393 3859 426 3894 aa
450 3843 536 3892 Cattis
568 3839 721 3896 Rhenanus:
752 3854 777 3891 et
797 3829 884 3894 Celtic
904 3841 984 3892 bibl,
1011 3843 1101 3892 statim
1119 3845 1204 3912 resipis
1225 3841 1286 3904 llil,

263 3933 326 3988 elein
344 3936 491 3989 incruenti.
509 3936 540 3988 iu
557 3933 675 4004 Lipsius:
695 3933 738 3985 bl⁸¹
756 3936 929 3988 inscrueutari
947 3941 1049 3988 ettam
1065 3937 1115 3987 uia
1134 3955 1151 3988 a
1170 3935 1238 4006 disp.

330 4046 370 4084 ao.
391 4043 518 4100 praeerat
538 4028 614 4082 deest
632 4031 650 4080 Β
665 4032 692 4082 Μ
708 4028 735 4080 R.
