2890 4728
204 445 264 513 ast
593 431 837 502 nanninus

204 623 320 704 vagitus
339 622 510 684 infantium.
554 620 594 680 lli
614 625 722 701 cuique
743 619 918 680 sanctissimi
939 626 1036 691 testes,
1060 615 1090 674 hi
1104 615 1224 676 maximi

202 729 379 790 laudatores.
421 726 468 788 Ad
488 737 598 788 matres
616 726 654 787 ad
688 726 832 808 coniuges
863 725 988 786 volnera
1016 723 1138 800 lerunt3
1171 743 1224 782 nee

200 835 272 898 illae
290 855 448 896 numerare
467 845 521 894 aut
540 836 655 916 exigere
668 833 771 916 plagas
783 842 904 915 pavent.
949 831 1099 912 Cibosque
1112 839 1141 890 et
1152 830 1229 890 hor·

201 944 315 1005 taurina
334 941 540 1026 pugnantibus
560 951 686 1024 gestant.
728 939 896 1002 Memoriae
923 937 1060 1021 proditur
1081 917 1266 1018 quasdam8

203 1055 280 1114 acies
300 1051 458 1114 inclinatas
477 1053 538 1112 iam
558 1061 590 1112 et
609 1049 744 1112 labantes
773 1071 791 1109 a
823 1049 941 1109 feminis
970 1046 1123 1107 restitutas
1155 1037 1259 1104 con-5

199 1146 308 1222 stantia
329 1179 452 1242 precum
473 1169 504 1219 et
520 1157 644 1217 obiectu
664 1167 825 1236 pectorum
846 1165 877 1214 et
904 1162 1075 1214 monstrata
1101 1151 1228 1210 commi-

201 1287 259 1326 nus
274 1266 465 1347 captivitate,
487 1283 579 1346 pram
601 1261 692 1344 longe
713 1259 917 1343 impatientius
944 1259 1128 1323 seminarum
1156 1279 1226 1318 sua.

201 1361 271 1430 ium
291 1373 412 1430 nomine
433 1371 562 1441 timent,
591 1369 667 1430 adeo
690 1378 726 1428 ut
755 1366 903 1428 efficatius
930 1366 1108 1450 obligentur
1135 1367 1227 1426 animi

199 1475 358 1538 civitatum
378 1476 489 1558 quibus
512 1478 591 1535 inter
611 1474 729 1535 obsides
750 1473 866 1556 puellae
887 1493 1007 1555 qunque
1028 1471 1145 1533 nobiles
1167 1471 1223 1530 im-

200 1592 355 1664 perantur.
399 1584 499 1646 lnesse
518 1581 593 1662 quin
615 1583 705 1642 etiam
724 1591 862 1643 sanctum
883 1581 997 1662 aliquid
1018 1592 1048 1642 et
1069 1579 1225 1662 providum
1240 1593 1279 1632 ¹0

201 1700 327 1773 putant,
354 1709 409 1748 nee
430 1699 484 1748 aut
507 1687 631 1750 consilia
649 1709 754 1750 earum
782 1699 980 1771 aspernantur
1006 1700 1060 1748 aut
1089 1709 1227 1769 respousa

200 1794 369 1876 negligunt.
412 1789 552 1854 Vidimus
584 1794 641 1855 sub
675 1793 749 1855 divo
785 1796 971 1877 Vespasiano
1000 1795 1147 1857 Veledam
1176 1797 1229 1856 din

201 1900 282 1982 apud
304 1900 465 1984 plerosque
485 1904 617 1964 numinis
637 1903 704 1963 loeo
725 1902 870 1964 habitam.
911 1903 971 1963 Sed
993 1914 1023 1964 et
1043 1902 1116 1963 olim
1137 1906 1229 1962 Auri·

200 2007 282 2068 niam
304 2018 334 2068 et
355 2011 520 2091 compluris
544 2011 618 2073 alias
637 2013 771 2072 venerati
792 2021 883 2090 sunt,
904 2031 964 2070 nou
987 2011 1158 2073 adulatione
1171 2032 1226 2070 nec

199 2123 344 2198 tanquam
363 2116 498 2178 facerent
517 2117 596 2180 deas.
1242 2120 1278 2180 ¹5

279 2225 417 2286 Deorum
440 2227 568 2288 maxime
589 2228 774 2288 Mercurium
797 2226 921 2303 colunt,
944 2228 993 2288 cui
1015 2229 1103 2287 certis
1121 2217 1261 2293 diebnsll

198 2329 339 2394 bumanis
358 2353 480 2413 quoque
501 2332 605 2393 hostiis
637 2329 729 2394 litare
759 2334 803 2394 las
829 2333 950 2394 habent
995 2332 1157 2394 Herculem
1187 2356 1224 2394 ac

198 2439 331 2500 Martem
350 2441 499 2500 concessis
518 2437 698 2502 animalibus
717 2439 852 2522 placant.
894 2441 971 2502 Pars
991 2441 1161 2501 Suevorum
1195 2453 1224 2501 ct

199 2546 272 2606 Isidi
291 2545 450 2606 merificat:
471 2547 552 2606 unde
573 2567 662 2606 causa
683 2555 715 2608 et
735 2550 819 2628 origo
841 2551 1001 2630 peregrino
1032 2569 1117 2608 sacro
1128 2594 1138 2625 ,
1167 2570 1222 2630 pa.

200 2674 272 2713 rum
291 2654 442 2732 comperi,
465 2655 522 2712 nisi
545 2653 626 2736 qnod
647 2655 763 2734 siguum
786 2657 883 2734 ipsum
914 2655 946 2714 in
973 2655 1096 2716 modum
1126 2655 1223 2741 libur—
1237 2677 1279 2716 ao

198 2775 255 2815 nae
275 2755 433 2836 figuratum
455 2757 544 2818 docet
576 2757 735 2820 advectam
770 2759 955 2840 religionem.
999 2763 1138 2823 Ceterum
1167 2785 1224 2824 nee

200 2859 344 2924 cohibere
365 2865 533 2944 parietibus
554 2865 624 2926 deos
645 2887 744 2948 neque
765 2867 796 2926 in
818 2869 910 2928 ullam
930 2869 1053 2930 hnmani
1074 2871 1135 2932 oris
1155 2893 1223 2951 spe·

199 2968 277 3028 ciem
309 2969 469 3032 assimilare
505 2993 540 3034 ex
574 2973 779 3056 magnitudine
807 2973 980 3065 caelestium
1018 2979 1220 3041 arbitrantur.

204 3077 472 3133 ——l—...

200 3206 257 3260 tur,
277 3216 308 3250 ae
328 3209 383 3252 tum
404 3221 458 3254 non
478 3204 573 3258 audiri
590 3203 638 3256 ted
670 3203 767 3257 audire
792 3207 946 3274 ponendum
970 3216 1034 3260 erst-
1063 3209 1124 3259 Vid.
1154 3226 1175 3258 c.
1198 3213 1221 3260 5.

200 3291 251 3363 Est
268 3292 362 3350 videre
380 3295 456 3366 apud
477 3299 548 3352 illos·
578 3297 653 3350 Coul,
681 3302 709 3350 Δ.
738 3298 816 3362 XVI,
848 3301 888 3366 34.
910 3304 968 3372 Agr.
990 3305 1046 3366 323
1072 3305 1120 3354 alii
1150 3303 1222 3357 uuida

200 3384 294 3440 audiri
310 3405 358 3458 pro
378 3403 408 3443 ut
426 3389 490 3443 inde
508 3391 642 3444 audiatur
660 3393 761 3444 dietum
782 3403 897 3462 putant,
928 3398 976 3448 sed
997 3399 1092 3448 Latine
1110 3401 1149 3466 sie
1167 3397 1221 3448 dici

202 3491 281 3531 uerno
301 3481 364 3534 dnm
375 3485 577 3546 demonstravit,
598 3501 687 3555 aeque
706 3501 738 3538 ea
755 3488 896 3539 verborum
916 3499 1050 3544 structura
1069 3492 1220 3542 sententiae

198 3571 306 3625 videtur
322 3580 482 3631 convenire:
501 3595 562 3630 uam
580 3580 603 3629 si
624 3581 651 3631 in
669 3583 790 3647 proximo
808 3585 935 3651 pignora,
961 3584 1025 3636 inde
1050 3601 1107 3636 unu
1124 3601 1221 3636 conae·

199 3665 293 3735 quitur
311 3683 404 3720 curura
422 3670 512 3722 audiri
529 3671 671 3725 ululatum.
693 3673 802 3736 Restat,
822 3683 852 3726 ut
869 3678 968 3746 aliquis
991 3679 1120 3744 opinetur
1139 3679 1218 3731 'laci-

198 3763 254 3808 tnm
273 3767 382 3828 accepta
402 3761 437 3812 ab
457 3762 517 3812 aliis
534 3779 646 3830 ponere,
665 3765 712 3816 aed
728 3766 758 3817 id
768 3783 843 3821 secus
858 3785 914 3820 esse
925 3772 1120 3822 sententiarum
1135 3787 1219 3822 nexns

199 3849 328 3905 ostendit.
367 3853 497 3923 Equidem
517 3855 612 3907 audiri
630 3866 757 3928 tanquam
776 3862 938 3913 infinitivum
957 3863 1113 3916 historicum
1134 3868 1220 3918 abin-

198 3945 375 4014 terpolutore,
398 3945 446 4014 qui
474 3959 596 3998 maneum
623 3965 679 4000 erre
710 3967 856 4003 sermonem
875 3953 942 4003 salso
966 3957 1089 4022 putavit,
1112 3960 1217 4012 illatum

198 4040 329 4092 existima
