<?xml version="1.0" encoding="UTF-8"?>
<!DOCTYPE html PUBLIC "-//W3C//DTD XHTML 1.0 Transitional//EN"
    "http://www.w3.org/TR/xhtml1/DTD/xhtml1-transitional.dtd">
<html xmlns="http://www.w3.org/1999/xhtml" xml:lang="en" lang="en">
 <head>
  <title>
</title>
<meta http-equiv="Content-Type" content="text/html;charset=utf-8" />
  <meta name='ocr-system' content='tesseract 3.04.00' />
  <meta name='ocr-capabilities' content='ocr_page ocr_carea ocr_par ocr_line ocrx_word'/>
</head>
<body>
  <div class='ocr_page' id='page_1' title='image "./ccorneliitaciti01rittgoog_0104.png"; bbox 0 0 2912 4730; ppageno 0'>
   <div class='ocr_carea' id='block_1_1' title="bbox 236 395 889 508">
    <p class='ocr_par' dir='ltr' id='par_1_1' title="bbox 236 395 889 508">
     <span class='ocr_line' id='line_1_1' title="bbox 236 395 889 508; baseline -0.011 -2"><span class='ocrx_word' id='word_1_1' title='bbox 236 443 275 508; x_wconf 75' lang='lat' dir='ltr'><strong>aa</strong></span> <span class='ocrx_word' id='word_1_2' title='bbox 606 395 889 502; x_wconf 78' lang='lat' dir='ltr'><strong>nrsronianuu</strong></span> 
     </span>
    </p>
   </div>
   <div class='ocr_carea' id='block_1_2' title="bbox 13 606 1366 3288">
    <p class='ocr_par' dir='ltr' id='par_1_2' title="bbox 13 606 1330 1021">
     <span class='ocr_line' id='line_1_2' title="bbox 13 606 1330 704; baseline 0 -26"><span class='ocrx_word' id='word_1_3' title='bbox 13 608 14 614; x_wconf 7' lang='grc' dir='ltr'>ἵ</span> <span class='ocrx_word' id='word_1_4' title='bbox 38 694 41 699; x_wconf 27' lang='lat'>‚</span> <span class='ocrx_word' id='word_1_5' title='bbox 77 626 104 694; x_wconf 83' lang='lat' dir='ltr'><strong>(a</strong></span> <span class='ocrx_word' id='word_1_6' title='bbox 115 625 145 678; x_wconf 80' lang='lat' dir='ltr'><strong>C.</strong></span> <span class='ocrx_word' id='word_1_7' title='bbox 164 627 221 698; x_wconf 62' lang='lat'><strong>692)</strong></span> <span class='ocrx_word' id='word_1_8' title='bbox 234 623 349 684; x_wconf 85' lang='lat' dir='ltr'><strong>meritis</strong></span> <span class='ocrx_word' id='word_1_9' title='bbox 367 629 429 685; x_wconf 85' lang='lat' dir='ltr'><strong>suis</strong></span> <span class='ocrx_word' id='word_1_10' title='bbox 443 626 609 704; x_wconf 83' lang='lat' dir='ltr'><strong>prinoipem</strong></span> <span class='ocrx_word' id='word_1_11' title='bbox 627 643 771 704; x_wconf 79' lang='lat' dir='ltr'><strong>passuros.</strong></span> <span class='ocrx_word' id='word_1_12' title='bbox 815 623 911 684; x_wconf 84' lang='lat' dir='ltr'><strong>Vetus</strong></span> <span class='ocrx_word' id='word_1_13' title='bbox 921 643 957 682; x_wconf 89' lang='lat' dir='ltr'><strong>ac</strong></span> <span class='ocrx_word' id='word_1_14' title='bbox 972 625 1030 682; x_wconf 75' lang='lat' dir='ltr'><strong>ianr</strong></span> <span class='ocrx_word' id='word_1_15' title='bbox 1041 617 1156 701; x_wconf 84' lang='lat' dir='ltr'><strong>pridem</strong></span> <span class='ocrx_word' id='word_1_16' title='bbox 1172 619 1258 678; x_wconf 85' lang='lat' dir='ltr'><strong>insita</strong></span> <span class='ocrx_word' id='word_1_17' title='bbox 1273 606 1330 686; x_wconf 79' lang='lat'><strong>38</strong></span> 
     </span>
     <span class='ocr_line' id='line_1_3' title="bbox 233 710 1260 812; baseline -0.007 -21"><span class='ocrx_word' id='word_1_18' title='bbox 233 729 413 792; x_wconf 77' lang='lat' dir='ltr'><strong>mortalibus</strong></span> <span class='ocrx_word' id='word_1_19' title='bbox 434 731 590 810; x_wconf 89' lang='lat' dir='ltr'><strong>potentiae</strong></span> <span class='ocrx_word' id='word_1_20' title='bbox 610 731 719 812; x_wconf 89' lang='lat' dir='ltr'><strong>cupido</strong></span> <span class='ocrx_word' id='word_1_21' title='bbox 739 710 939 811; x_wconf 84' lang='lat' dir='ltr'><strong>cumimperii</strong></span> <span class='ocrx_word' id='word_1_22' title='bbox 957 719 1164 810; x_wconf 75' lang='lat' dir='ltr'><strong>magnitudine</strong></span> <span class='ocrx_word' id='word_1_23' title='bbox 1186 727 1260 786; x_wconf 82' lang='lat' dir='ltr'><strong>edn-</strong></span> 
     </span>
     <span class='ocr_line' id='line_1_4' title="bbox 233 831 1258 917; baseline -0.004 -21"><span class='ocrx_word' id='word_1_24' title='bbox 233 836 308 896; x_wconf 85' lang='lat' dir='ltr'><strong>levit</strong></span> <span class='ocrx_word' id='word_1_25' title='bbox 327 835 500 917; x_wconf 82' lang='lat' dir='ltr'><strong>erupitque.</strong></span> <span class='ocrx_word' id='word_1_26' title='bbox 541 833 619 894; x_wconf 85' lang='lat' dir='ltr'><strong>Nam</strong></span> <span class='ocrx_word' id='word_1_27' title='bbox 639 837 729 898; x_wconf 86' lang='lat' dir='ltr'><strong>rebus</strong></span> <span class='ocrx_word' id='word_1_28' title='bbox 749 837 873 896; x_wconf 88' lang='lat' dir='ltr'><strong>modicis</strong></span> <span class='ocrx_word' id='word_1_29' title='bbox 884 833 1047 916; x_wconf 78' lang='lat' dir='ltr'><strong>aequalitas</strong></span> <span class='ocrx_word' id='word_1_30' title='bbox 1065 831 1152 893; x_wconf 87' lang='lat' dir='ltr'><strong>facile</strong></span> <span class='ocrx_word' id='word_1_31' title='bbox 1162 833 1258 893; x_wconf 84' lang='lat' dir='ltr'><strong>huba.</strong></span> 
     </span>
     <span class='ocr_line' id='line_1_5' title="bbox 232 940 1261 1021; baseline -0.002 -19"><span class='ocrx_word' id='word_1_32' title='bbox 232 943 341 1002; x_wconf 81' lang='lat' dir='ltr'><strong>baturs</strong></span> <span class='ocrx_word' id='word_1_33' title='bbox 363 941 415 1002; x_wconf 92' lang='lat' dir='ltr'><strong>sed</strong></span> <span class='ocrx_word' id='word_1_34' title='bbox 435 941 488 1001; x_wconf 90' lang='lat' dir='ltr'><strong>ubi</strong></span> <span class='ocrx_word' id='word_1_35' title='bbox 509 941 631 1002; x_wconf 87' lang='lat' dir='ltr'><strong>subacto</strong></span> <span class='ocrx_word' id='word_1_36' title='bbox 653 943 727 1002; x_wconf 89' lang='lat' dir='ltr'><strong>orbe</strong></span> <span class='ocrx_word' id='word_1_37' title='bbox 747 953 778 1001; x_wconf 85' lang='lat' dir='ltr'><strong>et</strong></span> <span class='ocrx_word' id='word_1_38' title='bbox 795 941 921 1002; x_wconf 79' lang='lat' dir='ltr'><strong>aemulis</strong></span> <span class='ocrx_word' id='word_1_39' title='bbox 948 940 1077 1002; x_wconf 87' lang='lat' dir='ltr'><strong>urbibus</strong></span> <span class='ocrx_word' id='word_1_40' title='bbox 1102 940 1261 1021; x_wconf 85' lang='lat' dir='ltr'><strong>regibusve</strong></span> 
     </span>
    </p>

    <p class='ocr_par' dir='ltr' id='par_1_3' title="bbox 179 1046 1332 1552">
     <span class='ocr_line' id='line_1_6' title="bbox 179 1046 1292 1131; baseline -0.001 -22"><span class='ocrx_word' id='word_1_41' title='bbox 179 1082 181 1088; x_wconf 95' lang='lat'><em>·</em></span> <span class='ocrx_word' id='word_1_42' title='bbox 234 1050 338 1112; x_wconf 85' lang='lat' dir='ltr'><strong>excisis</strong></span> <span class='ocrx_word' id='word_1_43' title='bbox 355 1071 477 1110; x_wconf 88' lang='lat' dir='ltr'><strong>securas</strong></span> <span class='ocrx_word' id='word_1_44' title='bbox 497 1070 568 1131; x_wconf 91' lang='lat' dir='ltr'><strong>opes</strong></span> <span class='ocrx_word' id='word_1_45' title='bbox 588 1051 800 1131; x_wconf 80' lang='lat' dir='ltr'><strong>concupiscere</strong></span> <span class='ocrx_word' id='word_1_46' title='bbox 821 1046 1041 1126; x_wconf 84' lang='lat' dir='ltr'><strong>vacuum&#39;fuit,</strong></span> <span class='ocrx_word' id='word_1_47' title='bbox 1061 1050 1163 1129; x_wconf 86' lang='lat' dir='ltr'><strong>prima</strong></span> <span class='ocrx_word' id='word_1_48' title='bbox 1182 1050 1292 1116; x_wconf 83' lang='lat' dir='ltr'><strong>inter5</strong></span> 
     </span>
     <span class='ocr_line' id='line_1_7' title="bbox 233 1156 1332 1241; baseline -0.005 -21"><span class='ocrx_word' id='word_1_49' title='bbox 233 1169 335 1241; x_wconf 84' lang='lat' dir='ltr'><strong>patres</strong></span> <span class='ocrx_word' id='word_1_50' title='bbox 366 1159 542 1241; x_wconf 85' lang='lat' dir='ltr'><strong>plebemque</strong></span> <span class='ocrx_word' id='word_1_51' title='bbox 573 1162 735 1220; x_wconf 86' lang='lat' dir='ltr'><strong>certamina</strong></span> <span class='ocrx_word' id='word_1_52' title='bbox 762 1181 908 1221; x_wconf 81' lang='lat' dir='ltr'><strong>exarsere.</strong></span> <span class='ocrx_word' id='word_1_53' title='bbox 964 1159 1057 1220; x_wconf 83' lang='lat' dir='ltr'><strong>Modo</strong></span> <span class='ocrx_word' id='word_1_54' title='bbox 1090 1156 1260 1218; x_wconf 77' lang='lat' dir='ltr'><strong>turbulenti</strong></span> <span class='ocrx_word' id='word_1_55' title='bbox 1328 1209 1332 1215; x_wconf 93' lang='lat'>.</span> 
     </span>
     <span class='ocr_line' id='line_1_8' title="bbox 232 1265 1261 1349; baseline 0 -23"><span class='ocrx_word' id='word_1_56' title='bbox 232 1266 360 1340; x_wconf 86' lang='lat' dir='ltr'><strong>tribuni,</strong></span> <span class='ocrx_word' id='word_1_57' title='bbox 382 1267 474 1328; x_wconf 88' lang='lat' dir='ltr'><strong>modo</strong></span> <span class='ocrx_word' id='word_1_58' title='bbox 497 1265 632 1328; x_wconf 85' lang='lat' dir='ltr'><strong>consules</strong></span> <span class='ocrx_word' id='word_1_59' title='bbox 650 1266 832 1349; x_wconf 84' lang='lat' dir='ltr'><strong>praevalidi,</strong></span> <span class='ocrx_word' id='word_1_60' title='bbox 854 1272 937 1328; x_wconf 89' lang='lat' dir='ltr'><strong>etin</strong></span> <span class='ocrx_word' id='word_1_61' title='bbox 961 1267 1037 1328; x_wconf 89' lang='lat' dir='ltr'><strong>urbe</strong></span> <span class='ocrx_word' id='word_1_62' title='bbox 1057 1288 1093 1326; x_wconf 86' lang='lat' dir='ltr'><strong>nc</strong></span> <span class='ocrx_word' id='word_1_63' title='bbox 1114 1267 1261 1328; x_wconf 80' lang='lat' dir='ltr'><strong>scruten-</strong></span> 
     </span>
     <span class='ocr_line' id='line_1_9' title="bbox 233 1357 1262 1455; baseline 0 -21"><span class='ocrx_word' id='word_1_64' title='bbox 233 1385 366 1434; x_wconf 84' lang='lat' dir='ltr'><strong>tnmenta</strong></span> <span class='ocrx_word' id='word_1_65' title='bbox 396 1373 530 1434; x_wconf 86' lang='lat' dir='ltr'><strong>civilium</strong></span> <span class='ocrx_word' id='word_1_66' title='bbox 555 1373 720 1434; x_wconf 87' lang='lat' dir='ltr'><strong>bellorum.</strong></span> <span class='ocrx_word' id='word_1_67' title='bbox 754 1357 844 1434; x_wconf 73' lang='lat' dir='ltr'><strong>&#39;Mox</strong></span> <span class='ocrx_word' id='word_1_68' title='bbox 875 1397 892 1436; x_wconf 93' lang='lat' dir='ltr'><strong>e</strong></span> <span class='ocrx_word' id='word_1_69' title='bbox 920 1377 1008 1455; x_wconf 86' lang='lat' dir='ltr'><strong>plebe</strong></span> <span class='ocrx_word' id='word_1_70' title='bbox 1037 1375 1139 1436; x_wconf 77' lang='lat' dir='ltr'><strong>infima</strong></span> <span class='ocrx_word' id='word_1_71' title='bbox 1166 1375 1262 1435; x_wconf 87' lang='lat' dir='ltr'><strong>Gaius</strong></span> 
     </span>
     <span class='ocr_line' id='line_1_10' title="bbox 233 1483 1264 1552; baseline 0 -9"><span class='ocrx_word' id='word_1_72' title='bbox 233 1483 346 1544; x_wconf 83' lang='lat' dir='ltr'><strong>Marius</strong></span> <span class='ocrx_word' id='word_1_73' title='bbox 367 1495 397 1544; x_wconf 90' lang='lat' dir='ltr'><strong>et</strong></span> <span class='ocrx_word' id='word_1_74' title='bbox 417 1483 563 1546; x_wconf 85' lang='lat' dir='ltr'><strong>nobilium</strong></span> <span class='ocrx_word' id='word_1_75' title='bbox 584 1485 775 1544; x_wconf 87' lang='lat' dir='ltr'><strong>saevissimus</strong></span> <span class='ocrx_word' id='word_1_76' title='bbox 796 1484 912 1546; x_wconf 66' lang='lat' dir='ltr'><strong>Lucium</strong></span> <span class='ocrx_word' id='word_1_77' title='bbox 932 1484 1017 1546; x_wconf 85' lang='lat' dir='ltr'><strong>Sulla</strong></span> <span class='ocrx_word' id='word_1_78' title='bbox 1042 1487 1152 1552; x_wconf 76' lang='lat' dir='ltr'><strong>rictam</strong></span> <span class='ocrx_word' id='word_1_79' title='bbox 1171 1487 1264 1544; x_wconf 80' lang='lat' dir='ltr'><strong>ermis</strong></span> 
     </span>
    </p>

    <p class='ocr_par' dir='ltr' id='par_1_4' title="bbox 138 1581 1320 2424">
     <span class='ocr_line' id='line_1_11' title="bbox 138 1581 1315 1671; baseline 0.001 -23"><span class='ocrx_word' id='word_1_80' title='bbox 138 1581 140 1585; x_wconf 60' lang='grc'>’</span> <span class='ocrx_word' id='word_1_81' title='bbox 233 1587 408 1650; x_wconf 87' lang='lat' dir='ltr'><strong>libertatem</strong></span> <span class='ocrx_word' id='word_1_82' title='bbox 430 1591 460 1652; x_wconf 83' lang='lat' dir='ltr'><strong>in</strong></span> <span class='ocrx_word' id='word_1_83' title='bbox 483 1589 718 1650; x_wconf 88' lang='lat' dir='ltr'><strong>dominationem</strong></span> <span class='ocrx_word' id='word_1_84' title='bbox 739 1600 909 1652; x_wconf 86' lang='lat' dir='ltr'><strong>verterunt.</strong></span> <span class='ocrx_word' id='word_1_85' title='bbox 952 1591 1027 1650; x_wconf 88' lang='lat' dir='ltr'><strong>Post</strong></span> <span class='ocrx_word' id='word_1_86' title='bbox 1049 1612 1127 1671; x_wconf 87' lang='lat' dir='ltr'><strong>quos</strong></span> <span class='ocrx_word' id='word_1_87' title='bbox 1142 1593 1262 1654; x_wconf 80' lang='lat' dir='ltr'><strong>Guneus</strong></span> <span class='ocrx_word' id='word_1_88' title='bbox 1276 1609 1315 1650; x_wconf 79' lang='lat' dir='ltr'><strong>so</strong></span> 
     </span>
     <span class='ocr_line' id='line_1_12' title="bbox 234 1693 1261 1777; baseline 0.002 -21"><span class='ocrx_word' id='word_1_89' title='bbox 234 1695 398 1776; x_wconf 88' lang='lat' dir='ltr'><strong>Pompeius</strong></span> <span class='ocrx_word' id='word_1_90' title='bbox 418 1693 581 1772; x_wconf 80' lang='lat' dir='ltr'><strong>occultior,</strong></span> <span class='ocrx_word' id='word_1_91' title='bbox 602 1715 664 1756; x_wconf 87' lang='lat' dir='ltr'><strong>non</strong></span> <span class='ocrx_word' id='word_1_92' title='bbox 687 1695 803 1762; x_wconf 80' lang='lat' dir='ltr'><strong>melior.</strong></span> <span class='ocrx_word' id='word_1_93' title='bbox 846 1696 1061 1776; x_wconf 71' lang='lat' dir='ltr'><strong>utnusquam</strong></span> <span class='ocrx_word' id='word_1_94' title='bbox 1082 1706 1186 1777; x_wconf 84' lang='lat' dir='ltr'><strong>postes</strong></span> <span class='ocrx_word' id='word_1_95' title='bbox 1205 1698 1261 1758; x_wconf 86' lang='lat' dir='ltr'><strong>nisi</strong></span> 
     </span>
     <span class='ocr_line' id='line_1_13' title="bbox 234 1801 1320 1884; baseline -0.004 -20"><span class='ocrx_word' id='word_1_96' title='bbox 234 1803 271 1864; x_wconf 91' lang='lat' dir='ltr'><strong>de</strong></span> <span class='ocrx_word' id='word_1_97' title='bbox 289 1801 458 1884; x_wconf 84' lang='lat' dir='ltr'><strong>principatu</strong></span> <span class='ocrx_word' id='word_1_98' title='bbox 474 1804 659 1884; x_wconf 69' lang='lat' dir='ltr'><strong>qnsesitnm.</strong></span> <span class='ocrx_word' id='word_1_99' title='bbox 695 1805 762 1864; x_wconf 84' lang='lat' dir='ltr'><strong>Non</strong></span> <span class='ocrx_word' id='word_1_100' title='bbox 778 1802 939 1863; x_wconf 82' lang='lat' dir='ltr'><strong>discessere</strong></span> <span class='ocrx_word' id='word_1_101' title='bbox 958 1801 1098 1862; x_wconf 83' lang='lat' dir='ltr'><strong>ubarmis</strong></span> <span class='ocrx_word' id='word_1_102' title='bbox 1119 1803 1261 1864; x_wconf 81' lang='lat' dir='ltr'><strong>inPbar.</strong></span> <span class='ocrx_word' id='word_1_103' title='bbox 1317 1829 1320 1838; x_wconf 91' lang='lat'>·</span> 
     </span>
     <span class='ocr_line' id='line_1_14' title="bbox 235 1909 1263 1996; baseline 0 -24"><span class='ocrx_word' id='word_1_104' title='bbox 235 1911 308 1972; x_wconf 85' lang='lat' dir='ltr'><strong>salia</strong></span> <span class='ocrx_word' id='word_1_105' title='bbox 327 1931 362 1972; x_wconf 84' lang='lat' dir='ltr'><strong>ac</strong></span> <span class='ocrx_word' id='word_1_106' title='bbox 381 1909 530 1992; x_wconf 83' lang='lat' dir='ltr'><strong>Philippis</strong></span> <span class='ocrx_word' id='word_1_107' title='bbox 550 1912 660 1972; x_wconf 84' lang='lat' dir='ltr'><strong>civium</strong></span> <span class='ocrx_word' id='word_1_108' title='bbox 682 1911 830 1992; x_wconf 76' lang='lat' dir='ltr'><strong>legiones,</strong></span> <span class='ocrx_word' id='word_1_109' title='bbox 853 1910 971 1971; x_wconf 69' lang='lat' dir='ltr'><strong>nedum*</strong></span> <span class='ocrx_word' id='word_1_110' title='bbox 983 1911 1117 1975; x_wconf 82' lang='lat' dir='ltr'><strong>Othonis</strong></span> <span class='ocrx_word' id='word_1_111' title='bbox 1145 1913 1263 1996; x_wconf 86' lang='lat' dir='ltr'><strong>ucVi·</strong></span> 
     </span>
     <span class='ocr_line' id='line_1_15' title="bbox 234 2015 1272 2098; baseline 0.002 -18"><span class='ocrx_word' id='word_1_112' title='bbox 234 2018 312 2080; x_wconf 89' lang='lat' dir='ltr'><strong>tellii</strong></span> <span class='ocrx_word' id='word_1_113' title='bbox 331 2018 475 2080; x_wconf 86' lang='lat' dir='ltr'><strong>exercitus</strong></span> <span class='ocrx_word' id='word_1_114' title='bbox 500 2027 608 2098; x_wconf 89' lang='lat' dir='ltr'><strong>sponte</strong></span> <span class='ocrx_word' id='word_1_115' title='bbox 626 2020 755 2098; x_wconf 77' lang='lat' dir='ltr'><strong>posituri</strong></span> <span class='ocrx_word' id='word_1_116' title='bbox 777 2015 891 2078; x_wconf 87' lang='lat' dir='ltr'><strong>bellurn</strong></span> <span class='ocrx_word' id='word_1_117' title='bbox 905 2017 1026 2078; x_wconf 83' lang='lat' dir='ltr'><strong>fuerint.</strong></span> <span class='ocrx_word' id='word_1_118' title='bbox 1068 2017 1272 2082; x_wconf 77' lang='lat' dir='ltr'><strong>Eademillos&#39;</strong></span> 
     </span>
     <span class='ocr_line' id='line_1_16' title="bbox 235 2124 1313 2206; baseline 0.004 -19"><span class='ocrx_word' id='word_1_119' title='bbox 235 2126 326 2188; x_wconf 86' lang='lat' dir='ltr'><strong>deum</strong></span> <span class='ocrx_word' id='word_1_120' title='bbox 336 2125 393 2206; x_wconf 87' lang='lat' dir='ltr'><strong>ira,</strong></span> <span class='ocrx_word' id='word_1_121' title='bbox 414 2126 519 2186; x_wconf 84' lang='lat' dir='ltr'><strong>endem</strong></span> <span class='ocrx_word' id='word_1_122' title='bbox 539 2125 698 2186; x_wconf 84' lang='lat' dir='ltr'><strong>bominum</strong></span> <span class='ocrx_word' id='word_1_123' title='bbox 715 2125 825 2202; x_wconf 85' lang='lat' dir='ltr'><strong>rabies,</strong></span> <span class='ocrx_word' id='word_1_124' title='bbox 849 2125 971 2186; x_wconf 83' lang='lat' dir='ltr'><strong>¹eaedem</strong></span> <span class='ocrx_word' id='word_1_125' title='bbox 995 2124 1313 2201; x_wconf 71' lang='lat' dir='ltr'><strong>scelerumesnsae15</strong></span> 
     </span>
     <span class='ocr_line' id='line_1_17' title="bbox 234 2231 1260 2318; baseline -0.001 -20"><span class='ocrx_word' id='word_1_126' title='bbox 234 2233 472 2298; x_wconf 83' lang='lat' dir='ltr'><strong>iudiscordiam</strong></span> <span class='ocrx_word' id='word_1_127' title='bbox 493 2255 587 2318; x_wconf 78' lang='lat' dir='ltr'><strong>egere.</strong></span> <span class='ocrx_word' id='word_1_128' title='bbox 630 2234 722 2314; x_wconf 85' lang='lat' dir='ltr'><strong>Quod</strong></span> <span class='ocrx_word' id='word_1_129' title='bbox 736 2231 863 2317; x_wconf 81' lang='lat' dir='ltr'><strong>siugulis</strong></span> <span class='ocrx_word' id='word_1_130' title='bbox 885 2235 968 2296; x_wconf 80' lang='lat' dir='ltr'><strong>velut</strong></span> <span class='ocrx_word' id='word_1_131' title='bbox 980 2233 1088 2296; x_wconf 85' lang='lat' dir='ltr'><strong>ictibus</strong></span> <span class='ocrx_word' id='word_1_132' title='bbox 1109 2243 1260 2297; x_wconf 67' lang='lat' dir='ltr'><strong>munte</strong></span> 
     </span>
     <span class='ocr_line' id='line_1_18' title="bbox 236 2340 1261 2424; baseline -0.002 -18"><span class='ocrx_word' id='word_1_133' title='bbox 236 2353 307 2406; x_wconf 86' lang='lat' dir='ltr'><strong>sunt</strong></span> <span class='ocrx_word' id='word_1_134' title='bbox 326 2342 425 2416; x_wconf 85' lang='lat' dir='ltr'><strong>bella,</strong></span> <span class='ocrx_word' id='word_1_135' title='bbox 447 2343 568 2424; x_wconf 82' lang='lat' dir='ltr'><strong>ignavia</strong></span> <span class='ocrx_word' id='word_1_136' title='bbox 588 2341 892 2424; x_wconf 82' lang='lat' dir='ltr'><strong>principum-iactum</strong></span> <span class='ocrx_word' id='word_1_137' title='bbox 914 2353 967 2402; x_wconf 87' lang='lat' dir='ltr'><strong>est.</strong></span> <span class='ocrx_word' id='word_1_138' title='bbox 1010 2340 1071 2401; x_wconf 88' lang='lat' dir='ltr'><strong>Sed</strong></span> <span class='ocrx_word' id='word_1_139' title='bbox 1107 2361 1155 2402; x_wconf 83' lang='lat' dir='ltr'><strong>nse</strong></span> <span class='ocrx_word' id='word_1_140' title='bbox 1179 2353 1261 2404; x_wconf 80' lang='lat' dir='ltr'><strong>vete·</strong></span> 
     </span>
    </p>

    <p class='ocr_par' dir='ltr' id='par_1_5' title="bbox 196 2447 1262 2633">
     <span class='ocr_line' id='line_1_19' title="bbox 196 2447 1262 2533; baseline -0.003 -19"><span class='ocrx_word' id='word_1_141' title='bbox 196 2452 201 2488; x_wconf 59' lang='lat' dir='ltr'><strong>l</strong></span> <span class='ocrx_word' id='word_1_142' title='bbox 236 2475 304 2514; x_wconf 89' lang='lat' dir='ltr'><strong>rum</strong></span> <span class='ocrx_word' id='word_1_143' title='bbox 328 2473 540 2533; x_wconf 86' lang='lat' dir='ltr'><strong>novorumque</strong></span> <span class='ocrx_word' id='word_1_144' title='bbox 563 2473 681 2512; x_wconf 83' lang='lat' dir='ltr'><strong>snorum</strong></span> <span class='ocrx_word' id='word_1_145' title='bbox 697 2449 856 2533; x_wconf 86' lang='lat' dir='ltr'><strong>reputatio</strong></span> <span class='ocrx_word' id='word_1_146' title='bbox 880 2449 1000 2532; x_wconf 81' lang='lat' dir='ltr'><strong>longius</strong></span> <span class='ocrx_word' id='word_1_147' title='bbox 1019 2447 1107 2510; x_wconf 87' lang='lat' dir='ltr'><strong>tulit:</strong></span> <span class='ocrx_word' id='word_1_148' title='bbox 1129 2451 1262 2511; x_wconf 86' lang='lat' dir='ltr'><strong>nuunsd</strong></span> 
     </span>
     <span class='ocr_line' id='line_1_20' title="bbox 237 2557 626 2633; baseline -0.013 -10"><span class='ocrx_word' id='word_1_149' title='bbox 237 2581 342 2623; x_wconf 87' lang='lat' dir='ltr'><strong>rerum</strong></span> <span class='ocrx_word' id='word_1_150' title='bbox 361 2557 509 2633; x_wconf 84' lang='lat' dir='ltr'><strong>ordinepr&#39;</strong></span> <span class='ocrx_word' id='word_1_151' title='bbox 522 2560 626 2618; x_wconf 79' lang='lat' dir='ltr'><strong>venio.</strong></span> 
     </span>
    </p>

    <p class='ocr_par' dir='ltr' id='par_1_6' title="bbox 236 2649 1328 3171">
     <span class='ocr_line' id='line_1_21' title="bbox 320 2649 1328 2746; baseline 0.002 -20"><span class='ocrx_word' id='word_1_152' title='bbox 320 2663 463 2726; x_wconf 69' lang='lat' dir='ltr'><strong>Proiecto</strong></span> <span class='ocrx_word' id='word_1_153' title='bbox 484 2663 646 2725; x_wconf 62' lang='lat' dir='ltr'><strong>tirrenum</strong></span> <span class='ocrx_word' id='word_1_154' title='bbox 670 2665 914 2727; x_wconf 66' lang='lat' dir='ltr'><strong>ortonensis·</strong></span> <span class='ocrx_word' id='word_1_155' title='bbox 928 2664 1045 2745; x_wconf 72' lang='lat' dir='ltr'><strong>imperit</strong></span> <span class='ocrx_word' id='word_1_156' title='bbox 1068 2663 1260 2746; x_wconf 63' lang='lat' dir='ltr'><strong>peieran-</strong></span> <span class='ocrx_word' id='word_1_157' title='bbox 1274 2649 1328 2729; x_wconf 77' lang='grc'><strong>39</strong></span> 
     </span>
     <span class='ocr_line' id='line_1_22' title="bbox 237 2770 1265 2854; baseline 0.002 -24"><span class='ocrx_word' id='word_1_158' title='bbox 237 2789 312 2830; x_wconf 89' lang='lat' dir='ltr'><strong>num</strong></span> <span class='ocrx_word' id='word_1_159' title='bbox 334 2770 486 2846; x_wconf 73' lang='lat' dir='ltr'><strong>fratrem,¹</strong></span> <span class='ocrx_word' id='word_1_160' title='bbox 502 2775 550 2833; x_wconf 81' lang='lat' dir='ltr'><strong>uis</strong></span> <span class='ocrx_word' id='word_1_161' title='bbox 569 2792 604 2832; x_wconf 82' lang='lat' dir='ltr'><strong>sc</strong></span> <span class='ocrx_word' id='word_1_162' title='bbox 626 2782 756 2852; x_wconf 85' lang='lat' dir='ltr'><strong>potestas</strong></span> <span class='ocrx_word' id='word_1_163' title='bbox 774 2791 865 2854; x_wconf 82' lang='lat' dir='ltr'><strong>penes</strong></span> <span class='ocrx_word' id='word_1_164' title='bbox 881 2770 1048 2830; x_wconf 87' lang='lat' dir='ltr'><strong>Proculum</strong></span> <span class='ocrx_word' id='word_1_165' title='bbox 1069 2773 1265 2853; x_wconf 82' lang='lat' dir='ltr'><strong>praefectum.</strong></span> 
     </span>
     <span class='ocr_line' id='line_1_23' title="bbox 239 2875 1264 2958; baseline -0.006 -18"><span class='ocrx_word' id='word_1_166' title='bbox 239 2880 343 2940; x_wconf 86' lang='lat' dir='ltr'><strong>Celsus</strong></span> <span class='ocrx_word' id='word_1_167' title='bbox 364 2889 394 2939; x_wconf 90' lang='lat' dir='ltr'><strong>et</strong></span> <span class='ocrx_word' id='word_1_168' title='bbox 414 2875 572 2951; x_wconf 79' lang='lat' dir='ltr'><strong>Paulinus,</strong></span> <span class='ocrx_word' id='word_1_169' title='bbox 595 2895 665 2936; x_wconf 86' lang='lat' dir='ltr'><strong>cum</strong></span> <span class='ocrx_word' id='word_1_170' title='bbox 684 2878 847 2958; x_wconf 87' lang='lat' dir='ltr'><strong>prudentia</strong></span> <span class='ocrx_word' id='word_1_171' title='bbox 871 2897 976 2938; x_wconf 87' lang='lat' dir='ltr'><strong>eorum</strong></span> <span class='ocrx_word' id='word_1_172' title='bbox 1004 2895 1093 2936; x_wconf 80' lang='lat' dir='ltr'><strong>neruo</strong></span> <span class='ocrx_word' id='word_1_173' title='bbox 1114 2885 1264 2948; x_wconf 89' lang='lat' dir='ltr'><strong>uteretur,</strong></span> 
     </span>
     <span class='ocr_line' id='line_1_24' title="bbox 237 2979 1264 3063; baseline 0.002 -21"><span class='ocrx_word' id='word_1_174' title='bbox 237 2983 321 3044; x_wconf 84' lang='lat' dir='ltr'><strong>iusni</strong></span> <span class='ocrx_word' id='word_1_175' title='bbox 340 2979 462 3044; x_wconf 82' lang='lat' dir='ltr'><strong>nornine</strong></span> <span class='ocrx_word' id='word_1_176' title='bbox 483 2981 594 3042; x_wconf 89' lang='lat' dir='ltr'><strong>ducum</strong></span> <span class='ocrx_word' id='word_1_177' title='bbox 614 2979 730 3043; x_wconf 75' lang='lat' dir='ltr'><strong>alienae</strong></span> <span class='ocrx_word' id='word_1_178' title='bbox 750 2981 857 3062; x_wconf 87' lang='lat' dir='ltr'><strong>enlpne</strong></span> <span class='ocrx_word' id='word_1_179' title='bbox 869 2983 1154 3063; x_wconf 82' lang='lat' dir='ltr'><strong>praetendebantur.</strong></span> <span class='ocrx_word' id='word_1_180' title='bbox 1194 2984 1264 3046; x_wconf 77' lang='lat' dir='ltr'><strong>Tri-</strong></span> 
     </span>
     <span class='ocr_line' id='line_1_25' title="bbox 236 3088 1266 3171; baseline 0 -19"><span class='ocrx_word' id='word_1_181' title='bbox 236 3092 313 3152; x_wconf 90' lang='lat' dir='ltr'><strong>buni</strong></span> <span class='ocrx_word' id='word_1_182' title='bbox 332 3091 584 3170; x_wconf 84' lang='lat' dir='ltr'><strong>centurionesque</strong></span> <span class='ocrx_word' id='word_1_183' title='bbox 601 3088 752 3171; x_wconf 82' lang='lat' dir='ltr'><strong>ambigui,</strong></span> <span class='ocrx_word' id='word_1_184' title='bbox 786 3091 867 3170; x_wconf 89' lang='lat' dir='ltr'><strong>qnod</strong></span> <span class='ocrx_word' id='word_1_185' title='bbox 886 3093 992 3169; x_wconf 88' lang='lat' dir='ltr'><strong>spretis</strong></span> <span class='ocrx_word' id='word_1_186' title='bbox 1013 3090 1193 3155; x_wconf 82' lang='lat' dir='ltr'><strong>melioribus</strong></span> <span class='ocrx_word' id='word_1_187' title='bbox 1202 3091 1266 3152; x_wconf 83' lang='lat' dir='ltr'><strong>de·</strong></span> 
     </span>
    </p>

    <p class='ocr_par' dir='ltr' id='par_1_7' title="bbox 160 3196 1366 3288">
     <span class='ocr_line' id='line_1_26' title="bbox 160 3196 1366 3288; baseline 0.002 -28"><span class='ocrx_word' id='word_1_188' title='bbox 160 3261 163 3266; x_wconf 85' lang='grc'>,</span> <span class='ocrx_word' id='word_1_189' title='bbox 234 3201 354 3262; x_wconf 85' lang='lat' dir='ltr'><strong>terrimi</strong></span> <span class='ocrx_word' id='word_1_190' title='bbox 373 3197 528 3259; x_wconf 75' lang='lat' dir='ltr'><strong>valebant·</strong></span> <span class='ocrx_word' id='word_1_191' title='bbox 566 3197 652 3259; x_wconf 85' lang='lat' dir='ltr'><strong>Miles</strong></span> <span class='ocrx_word' id='word_1_192' title='bbox 687 3198 801 3273; x_wconf 73' lang='lat' dir='ltr'><strong>alacer,</strong></span> <span class='ocrx_word' id='word_1_193' title='bbox 831 3197 884 3276; x_wconf 90' lang='lat' dir='ltr'><strong>qni</strong></span> <span class='ocrx_word' id='word_1_194' title='bbox 906 3205 1008 3258; x_wconf 85' lang='lat' dir='ltr'><strong>temen</strong></span> <span class='ocrx_word' id='word_1_195' title='bbox 1037 3197 1118 3258; x_wconf 80' lang='lat' dir='ltr'><strong>iussa</strong></span> <span class='ocrx_word' id='word_1_196' title='bbox 1145 3196 1259 3260; x_wconf 84' lang='lat' dir='ltr'><strong>dueum</strong></span> <span class='ocrx_word' id='word_1_197' title='bbox 1273 3199 1316 3266; x_wconf 79' lang='lat'><strong>25</strong></span> <span class='ocrx_word' id='word_1_198' title='bbox 1359 3275 1366 3288; x_wconf 40' lang='grc'><em>·</em></span> 
     </span>
    </p>
   </div>
   <div class='ocr_carea' id='block_1_3' title="bbox 236 3409 1265 4133">
    <p class='ocr_par' dir='ltr' id='par_1_8' title="bbox 236 3409 1265 3942">
     <span class='ocr_line' id='line_1_27' title="bbox 237 3409 1265 3485; baseline -0.003 -22"><span class='ocrx_word' id='word_1_199' title='bbox 237 3428 302 3464; x_wconf 88' lang='lat' dir='ltr'><strong>num</strong></span> <span class='ocrx_word' id='word_1_200' title='bbox 319 3413 529 3468; x_wconf 81' lang='lat' dir='ltr'><strong>facinorosorum</strong></span> <span class='ocrx_word' id='word_1_201' title='bbox 547 3430 628 3485; x_wconf 81' lang='lat' dir='ltr'><strong>opera</strong></span> <span class='ocrx_word' id='word_1_202' title='bbox 647 3414 747 3474; x_wconf 83' lang='lat' dir='ltr'><strong>utitur.</strong></span> <span class='ocrx_word' id='word_1_203' title='bbox 770 3412 793 3461; x_wconf 86' lang='lat' dir='ltr'><strong>is</strong></span> <span class='ocrx_word' id='word_1_204' title='bbox 805 3425 903 3484; x_wconf 21' lang='lat' dir='ltr'><strong>,eurum</strong></span> <span class='ocrx_word' id='word_1_205' title='bbox 922 3411 1026 3464; x_wconf 82' lang='lat' dir='ltr'><strong>meritis</strong></span> <span class='ocrx_word' id='word_1_206' title='bbox 1045 3418 1073 3464; x_wconf 87' lang='lat' dir='ltr'><strong>et</strong></span> <span class='ocrx_word' id='word_1_207' title='bbox 1089 3409 1223 3482; x_wconf 82' lang='lat' dir='ltr'><strong>polluitur</strong></span> <span class='ocrx_word' id='word_1_208' title='bbox 1236 3413 1265 3459; x_wconf 81' lang='lat' dir='ltr'><strong>st</strong></span> 
     </span>
     <span class='ocr_line' id='line_1_28' title="bbox 237 3502 1261 3578; baseline -0.003 -20"><span class='ocrx_word' id='word_1_209' title='bbox 237 3505 422 3578; x_wconf 80' lang='lat' dir='ltr'><strong>obstringitur.</strong></span> <span class='ocrx_word' id='word_1_210' title='bbox 459 3509 483 3562; x_wconf 86' lang='lat' dir='ltr'>G</span> <span class='ocrx_word' id='word_1_211' title='bbox 503 3515 581 3564; x_wconf 81' lang='lat' dir='ltr'><strong>offert</strong></span> <span class='ocrx_word' id='word_1_212' title='bbox 595 3508 725 3568; x_wconf 84' lang='lat' dir='ltr'><strong>moribus,</strong></span> <span class='ocrx_word' id='word_1_213' title='bbox 741 3505 824 3576; x_wconf 82' lang='lat' dir='ltr'><strong>idque</strong></span> <span class='ocrx_word' id='word_1_214' title='bbox 843 3504 947 3574; x_wconf 83' lang='lat' dir='ltr'><strong>placuit</strong></span> <span class='ocrx_word' id='word_1_215' title='bbox 963 3507 982 3563; x_wconf 82' lang='lat' dir='ltr'><strong>l,</strong></span> <span class='ocrx_word' id='word_1_216' title='bbox 1001 3506 1045 3559; x_wconf 77' lang='lat' dir='ltr'><strong>Fr.</strong></span> <span class='ocrx_word' id='word_1_217' title='bbox 1067 3502 1261 3558; x_wconf 84' lang='lat' dir='ltr'><strong>GronovioEs·</strong></span> 
     </span>
     <span class='ocr_line' id='line_1_29' title="bbox 236 3596 1264 3672; baseline -0.004 -20"><span class='ocrx_word' id='word_1_218' title='bbox 236 3603 396 3672; x_wconf 87' lang='lat' dir='ltr'><strong>nestioqne,</strong></span> <span class='ocrx_word' id='word_1_219' title='bbox 412 3621 469 3658; x_wconf 87' lang='lat' dir='ltr'><strong>non</strong></span> <span class='ocrx_word' id='word_1_220' title='bbox 486 3604 568 3654; x_wconf 87' lang='lat' dir='ltr'><strong>mihi:</strong></span> <span class='ocrx_word' id='word_1_221' title='bbox 589 3601 704 3671; x_wconf 90' lang='lat' dir='ltr'><strong>perditis</strong></span> <span class='ocrx_word' id='word_1_222' title='bbox 722 3601 795 3650; x_wconf 88' lang='lat' dir='ltr'><strong>enim</strong></span> <span class='ocrx_word' id='word_1_223' title='bbox 813 3599 930 3652; x_wconf 82' lang='lat' dir='ltr'><strong>aliorum</strong></span> <span class='ocrx_word' id='word_1_224' title='bbox 947 3600 1068 3652; x_wconf 85' lang='lat' dir='ltr'><strong>moribus</strong></span> <span class='ocrx_word' id='word_1_225' title='bbox 1092 3597 1182 3669; x_wconf 74' lang='lat' dir='ltr'><strong>pollui</strong></span> <span class='ocrx_word' id='word_1_226' title='bbox 1210 3596 1264 3648; x_wconf 82' lang='lat' dir='ltr'><strong>sli-</strong></span> 
     </span>
     <span class='ocr_line' id='line_1_30' title="bbox 236 3691 1262 3764; baseline 0 -22"><span class='ocrx_word' id='word_1_227' title='bbox 236 3694 298 3761; x_wconf 88' lang='lat' dir='ltr'><strong>qnis</strong></span> <span class='ocrx_word' id='word_1_228' title='bbox 315 3702 413 3761; x_wconf 82' lang='lat' dir='ltr'><strong>potest,</strong></span> <span class='ocrx_word' id='word_1_229' title='bbox 431 3694 571 3764; x_wconf 75' lang='lat' dir='ltr'><strong>obstringi</strong></span> <span class='ocrx_word' id='word_1_230' title='bbox 584 3709 642 3744; x_wconf 90' lang='lat' dir='ltr'><strong>uun</strong></span> <span class='ocrx_word' id='word_1_231' title='bbox 660 3698 758 3760; x_wconf 85' lang='lat' dir='ltr'><strong>potest.</strong></span> <span class='ocrx_word' id='word_1_232' title='bbox 794 3693 829 3744; x_wconf 86' lang='lat' dir='ltr'><strong>Ut</strong></span> <span class='ocrx_word' id='word_1_233' title='bbox 843 3693 901 3761; x_wconf 90' lang='lat' dir='ltr'><strong>ipse</strong></span> <span class='ocrx_word' id='word_1_234' title='bbox 918 3691 955 3744; x_wconf 89' lang='lat' dir='ltr'><strong>sit</strong></span> <span class='ocrx_word' id='word_1_235' title='bbox 970 3692 1040 3742; x_wconf 81' lang='lat' dir='ltr'><strong>maie</strong></span> <span class='ocrx_word' id='word_1_236' title='bbox 1058 3691 1262 3754; x_wconf 78' lang='lat' dir='ltr'><strong>muratus,iude</strong></span> 
     </span>
     <span class='ocr_line' id='line_1_31' title="bbox 237 3783 1262 3859; baseline -0.004 -19"><span class='ocrx_word' id='word_1_237' title='bbox 237 3796 328 3840; x_wconf 79' lang='lat' dir='ltr'><strong>samen</strong></span> <span class='ocrx_word' id='word_1_238' title='bbox 346 3789 417 3843; x_wconf 88' lang='lat' dir='ltr'><strong>nihil</strong></span> <span class='ocrx_word' id='word_1_239' title='bbox 433 3789 624 3859; x_wconf 86' lang='lat' dir='ltr'><strong>consequitur,</strong></span> <span class='ocrx_word' id='word_1_240' title='bbox 648 3786 701 3838; x_wconf 88' lang='lat' dir='ltr'><strong>nisi</strong></span> <span class='ocrx_word' id='word_1_241' title='bbox 726 3783 845 3856; x_wconf 76' lang='lat' dir='ltr'><strong>benigno</strong></span> <span class='ocrx_word' id='word_1_242' title='bbox 866 3787 901 3838; x_wconf 82' lang='lat' dir='ltr'><strong>in.</strong></span> <span class='ocrx_word' id='word_1_243' title='bbox 918 3787 1003 3840; x_wconf 89' lang='lat' dir='ltr'><strong>socios</strong></span> <span class='ocrx_word' id='word_1_244' title='bbox 1028 3787 1120 3840; x_wconf 81' lang='lat' dir='ltr'><strong>animo</strong></span> <span class='ocrx_word' id='word_1_245' title='bbox 1145 3785 1262 3838; x_wconf 78' lang='lat' dir='ltr'><strong>eundem</strong></span> 
     </span>
     <span class='ocr_line' id='line_1_32' title="bbox 237 3881 872 3942; baseline 0.003 -10"><span class='ocrx_word' id='word_1_246' title='bbox 237 3881 357 3936; x_wconf 79' lang='lat' dir='ltr'><strong>intusum</strong></span> <span class='ocrx_word' id='word_1_247' title='bbox 376 3901 442 3942; x_wconf 81' lang='lat' dir='ltr'><strong>esse.</strong></span> <span class='ocrx_word' id='word_1_248' title='bbox 576 3885 579 3890; x_wconf 88' lang='lat'>&#39;</span> <span class='ocrx_word' id='word_1_249' title='bbox 867 3927 872 3934; x_wconf 91' lang='lat'>.</span> 
     </span>
    </p>

    <p class='ocr_par' dir='ltr' id='par_1_9' title="bbox 241 3973 1265 4133">
     <span class='ocr_line' id='line_1_33' title="bbox 311 3973 1265 4049; baseline 0.001 -22"><span class='ocrx_word' id='word_1_250' title='bbox 311 3995 347 4028; x_wconf 87' lang='grc' dir='ltr'><strong>ιο.</strong></span> <span class='ocrx_word' id='word_1_251' title='bbox 368 3995 436 4049; x_wconf 80' lang='lat' dir='ltr'><strong>quos</strong></span> <span class='ocrx_word' id='word_1_252' title='bbox 456 3975 546 4034; x_wconf 85' lang='lat' dir='ltr'><strong>deest,</strong></span> <span class='ocrx_word' id='word_1_253' title='bbox 565 3980 596 4026; x_wconf 89' lang='lat' dir='ltr'><strong>ut</strong></span> <span class='ocrx_word' id='word_1_254' title='bbox 613 3973 730 4040; x_wconf 83' lang='lat' dir='ltr'><strong>videtur,</strong></span> <span class='ocrx_word' id='word_1_255' title='bbox 750 3976 795 4044; x_wconf 86' lang='lat' dir='ltr'><strong>(ct.</strong></span> <span class='ocrx_word' id='word_1_256' title='bbox 814 3975 947 4030; x_wconf 82' lang='lat' dir='ltr'><strong>Waltheri</strong></span> <span class='ocrx_word' id='word_1_257' title='bbox 974 3975 1126 4048; x_wconf 66' lang='lat' dir='ltr'><strong>annotatio)</strong></span> <span class='ocrx_word' id='word_1_258' title='bbox 1143 3977 1204 4043; x_wconf 56' lang='grc' dir='ltr'><strong>Μ’,</strong></span> <span class='ocrx_word' id='word_1_259' title='bbox 1232 3992 1265 4028; x_wconf 82' lang='lat' dir='ltr'><strong>se</strong></span> 
     </span>
     <span class='ocr_line' id='line_1_34' title="bbox 241 4065 1150 4133; baseline -0.002 -17"><span class='ocrx_word' id='word_1_260' title='bbox 241 4065 335 4122; x_wconf 81' lang='lat' dir='ltr'><strong>deesse</strong></span> <span class='ocrx_word' id='word_1_261' title='bbox 353 4085 416 4120; x_wconf 81' lang='lat' dir='ltr'><strong>sane</strong></span> <span class='ocrx_word' id='word_1_262' title='bbox 436 4072 532 4133; x_wconf 67' lang='lat' dir='ltr'><strong>potest,</strong></span> <span class='ocrx_word' id='word_1_263' title='bbox 590 4087 592 4097; x_wconf 85' lang='lat'><em>=</em></span> <span class='ocrx_word' id='word_1_264' title='bbox 1149 4075 1150 4080; x_wconf 74' lang='grc'>’</span> 
     </span>
    </p>
   </div>
   <div class='ocr_carea' id='block_1_4' title="bbox 0 0 1469 4730">
    <p class='ocr_par' dir='ltr' id='par_1_10' title="bbox 0 0 1469 4730">
     <span class='ocr_line' id='line_1_35' title="bbox 0 0 1469 4730; baseline 0 0"><span class='ocrx_word' id='word_1_265' title='bbox 0 0 1469 4730; x_wconf 95' lang='lat' dir='ltr'><strong> </strong></span> 
     </span>
    </p>
   </div>
  </div>
 </body>
</html>
