2914 4724
189 389 212 472 a
557 378 882 466 uisconunuu'

26 566 52 636 (a
70 568 98 620 C.
116 571 177 640 eg.)
189 561 371 646 Nymphidii
391 567 500 642 socius,
523 564 575 632 hic
595 575 630 634 ut
649 565 708 630 dux
721 565 850 628 Neronis
871 567 998 638 inauditi
1019 581 1112 656 atque
1132 571 1221 638 inde·

190 673 266 736 fensi
285 683 434 758 tanquam
455 675 627 746 innocentes
663 677 827 756 perierant.
870 678 1019 742 Introitus
1051 682 1084 742 in
1112 681 1221 743 urbem

189 781 345 844 trucidatis
367 790 412 840 tot
430 779 740 844 milibusinesmium
773 783 903 846 militum
923 786 1072 848 infaustus
1104 788 1219 866 omine,

191 901 283 970 atque
301 889 373 969 ipsis
404 890 496 950 etiam
531 889 584 972 qui
612 891 788 955 occiderunt
823 893 1051 958 formidolosus.
1094 895 1221 957 Inducta

190 996 308 1076 legione
332 988 483 1078 Hispana,
505 1009 683 1061 remanente
703 1020 738 1060 ea
761 1021 853 1083 quam
877 1021 894 1063 e
923 1002 1016 1064 classe
1035 1003 1116 1065 Nero
1146 1002 1248 1070 con-5

188 1105 362 1184 scripserat,
385 1102 476 1190 plena
498 1103 569 1164 urbs
588 1105 721 1166 exercitu
740 1105 878 1174 insolito.
908 1107 1010 1172 ‚Multi
1034 1109 1072 1170 ad
1095 1109 1222 1170 hocnu-

189 1213 266 1272 meri
288 1213 481 1274 eGermania
502 1232 538 1272 ac
552 1212 711 1272 Britannia
733 1223 764 1274 et
784 1214 919 1297 illyrico,
942 1239 1020 1300 quos
1041 1218 1122 1280 idem
1135 1217 1220 1278 Nero

189 1318 298 1386 electos
328 1319 565 1400 praemissosque
593 1317 633 1378 ad
663 1314 796 1381 claustra
829 1319 1008 1402 Caspiarum
1046 1335 1077 1386 et
1106 1322 1222 1384 bellum

189 1424 270 1508 quod
306 1423 336 1486 in
368 1425 500 1488 Albanos
528 1425 670 1507 parabat,
690 1425 912 1508 ¹opprimendis
934 1429 1074 1501 Vindicis
1104 1428 1222 1510 coeptis

188 1544 407 1614 revocaverat:
432 1534 536 1614 ingens
557 1534 642 1596 novis
662 1534 758 1594 rebus
779 1535 920 1613 materia,
942 1544 1060 1596 utnon
1082 1535 1113 1594 in
1126 1555 1270 1608 unum10

188 1640 321 1722 aliquem
344 1659 442 1718 pinno
461 1639 577 1716 favore,
600 1640 642 1701 ita
655 1639 781 1700 audenti
801 1651 918 1722 pacata.
958 1641 1054 1702 Forte
1068 1655 1257 1736 congrue-7
1364 1726 1366 1729 ι

188 1755 257 1822 rat,
279 1757 314 1806 ut
336 1744 434 1806 Clodii
456 1746 553 1804 Macri
573 1753 605 1804 et
625 1745 758 1804 Fonteii*
776 1743 933 1826 Capitonis
962 1745 1067 1808 caedes
1097 1748 1223 1808 nuntia·

187 1863 306 1914 rentur.
349 1856 487 1916 Manium
514 1853 560 1913 in
578 1851 682 1912 Africa
712 1852 795 1914 band
826 1853 920 1918 dubie
947 1853 1123 1916 turbantem
1146 1857 1223 1918 Tre·

187 1960 301 2022 bonius
325 1960 519 2062 Garutianus.
539 1969 725 2040 procurator
755 1963 837 2022 iussu
869 1961 1004 2046 Galbae,
1042 1962 1221 2042 Capitonem

186 2070 220 2127 in
242 2064 427 2140 Germania,
459 2085 530 2126 cum
552 2063 661 2124 similia
689 2075 867 2148 coaptaret,
906 2065 1065 2128 Cornelius
1086 2071 1273 2151 Aquinust5

189 2185 220 2236 et
240 2175 355 2234 Fabius
376 2172 489 2235 Valens
512 2169 601 2252 legati
621 2169 774 2252 legionum
799 2172 1032 2255 interfecerant,
1056 2186 1222 2260 antequam

188 2285 374 2346 iuberentne.
402 2284 514 2344 ,Fuere
543 2283 595 2364 qui
630 2281 796 2344 credebant
825 2266 1003 2364 Capitonem
1031 2294 1065 2344 ut
1095 2285 1222 2346 avaritia

190 2404 222 2454 et
244 2392 370 2466 libidine
390 2391 512 2451 foedum
538 2411 574 2450 ao
602 2387 806 2466 maculosum,
837 2389 881 2450 ita
906 2389 1089 2470 cogitatione
1120 2410 1223 2452 rerum

96 2563 102 2572 ,
189 2511 340 2569 novarum
361 2496 561 2576 abstinuisse3
594 2495 648 2556 sed
673 2518 693 2577 a
724 2493 831 2578 legatis
857 2493 973 2558 bellum
1003 2495 1221 2571 suadentibus,

193 2653 422 2672 υ-ιι-η--Ο--Ω

264 2746 302 2800 18.
321 2744 448 2798 avaritie
464 2755 493 2796 et
508 2740 625 2796 libidine
634 2741 750 2817 foedum
774 2759 808 2796 oc
828 2742 1007 2810 maculosum]
1035 2741 1151 2794 Nomina
1171 2742 1221 2795 ad-

192 2842 293 2896 ieetiva
311 2840 441 2892 hocloco
462 2855 518 2890 non
535 2841 576 2890 ita
593 2839 744 2908 separanda
768 2845 848 2900 sunt,
875 2843 906 2888 ut
923 2837 999 2905 psius
1018 2833 1053 2888 ad
1073 2839 1222 2892 avaritiam

193 2937 309 2989 alterum
319 2935 352 2988 ad
370 2933 511 2988 libidinem
521 2934 668 3004 pestineat,
685 2935 733 2986 sed
745 2941 895 3002 utrumque
907 2931 1002 2984 eodem
1016 2934 1075 2985 iure
1089 2933 1123 2986 de
1140 2950 1221 2986 avaro

193 3039 223 3084 et
239 3029 388 3086 libidinoso
406 3028 515 3083 dicitur:
550 3029 710 3098 Maculosus
729 3027 752 3076 T
754 3029 825 3078 acite
844 3034 885 3078 est
904 3029 1036 3081 Graecum
1052 3032 1223 3098 στιγματίας

194 3125 321 3177 translata
339 3122 553 3194 significatione,
569 3121 748 3190 designatque
766 3136 843 3182 eum,
861 3122 908 3190 qui
936 3121 1054 3190 flagitiis,
1068 3120 1224 3172 manifestis

193 3237 225 3274 ac
244 3218 385 3288 praecipue
403 3217 498 3269 infami
514 3215 596 3269 libini
613 3215 748 3266 obnoxius
767 3221 883 3267 leuetur.
920 3215 1005 3284 Igitur
1034 3214 1148 3266 Caecina
1165 3215 1223 3266 Va-

194 3315 296 3365 lentem
314 3315 343 3364 in
361 3313 430 3366 Hist.
451 3312 495 3374 11,
513 3313 555 3365 30.
571 3308 671 3362 irridet
687 3316 718 3361 nt
724 3307 841 3380 foedum
860 3326 894 3362 ec
911 3309 1087 3372 maculosum,
1109 3315 1137 3358 et
1148 3309 1222 3361 idem

194 3406 296 3461 Valens
316 3408 344 3469 l,
361 3407 404 3460 66.
424 3415 516 3476 stupra
535 3414 563 3459 et
580 3405 716 3458 adulteria
736 3412 854 3458 sectatae
874 3401 982 3454 dicitur.
1002 3402 1081 3454 cont.
1100 3404 1151 3467 111,
1179 3408 1221 3474 [μ.

196 3503 295 3554 Lucius
313 3501 441 3554 Vitellius
460 3500 573 3564 111‚38.
591 3501 666 3553 omni
690 3497 821 3554 dedecore
835 3497 1005 3559 maculosus,
1023 3496 1082 3559 111,
1111 3515 1152 3566 77.
1172 3513 1223 3548 au·

196 3601 252 3646 tem
271 3593 383 3664 instancia
400 3594 456 3647 sive
480 3592 596 3654 libidine
625 3591 812 3661 pessumdatae
839 3591 1000 3660 appellatur.
1037 3589 1224 3660 Quamobrem

84 3703 89 3714 ¹
197 3706 258 3742 ctitn
277 3689 373 3741 Cilices
392 3687 582 3740 Cossutianum
602 3686 759 3755 Capitonem
783 3684 910 3736 deferunt
936 3685 1042 3752 (dunel.
1065 3670 1143 3747 xm,
1169 3685 1223 3754 3³.)

198 3783 363 3836 nieeulosum
374 3777 561 3852 foedumque,
586 3792 611 3834 et
632 3777 702 3832 idem
720 3779 764 3830 ius
783 3775 918 3830 audaciae
937 3777 1224 3849 inproeinciaratnes

198 3875 335 3949 quod-in
357 3875 423 3929 urhe
454 3853 630 3937 eaercuerat,
662 3876 804 3942 postremis
832 3871 922 3924 veebis
946 3873 1121 3940 praecipuum
1148 3875 1225 3928 illius

200 3975 303 4024 crimen
321 3971 435 4022 avaritie
453 3979 580 4033 notatur,
599 3967 736 4038 prioribus
754 3975 844 4022 autem
863 3967 999 4022 indicatur
1021 3967 1136 4022 eundem
1161 3971 1224 4023 aliis
1298 3990 1300 3994 ·

200 4083 310 4140 quoque
329 4067 436 4138 flagitiis
457 4070 612 4135 coopertum
632 4061 725 4116 luisse.
