2880 4720
572 513 575 520 ¹
616 373 869 495 careo-ai.
1064 451 1068 454 ·
1162 428 1223 532 aar

195 613 291 693 gustis
311 617 342 670 et
360 607 505 671 lirevibus
524 611 660 671 terminis
681 609 832 687 cluditur,
853 608 905 670 sed
925 611 947 669 is
972 617 1016 668 est
1036 617 1152 684 orator,
1173 610 1226 690 qni

194 716 234 776 de
254 713 339 775 omni
357 717 534 806 quaestione
551 714 678 797 pulchre
698 723 730 775 et
749 726 858 812 ornate
878 724 910 775 et
929 713 968 775 ad
982 713 1228 802 persuadendum

101 814 104 818 ’
142 831 266 900 apte
273 810 398 898 dicere,
422 841 489 902 pro
498 820 644 914 dignitate
663 816 780 898 rerum,
803 819 843 880 ad
862 817 1023 882 utilitatem
1041 830 1229 902 temporum,
1293 841 1309 881 ⁴.

70 1001 71 1008 ἵ
132 913 267 996 31οιιιιι
296 926 455 1014 voluptate
488 915 680 986 audientium
709 927 813 1007 possit.
856 925 925 986 Hoc
954 925 1012 987 sibi
1042 924 1087 986 illi
1114 925 1249 988 veteres

169 1023 417 1114 5persuaserant
458 1032 509 1095 td
529 1033 588 1094 hoc
609 1012 802 1096 alliciendum
829 1033 1050 1116 intelligebant
1056 1048 1137 1128 opus
1160 1053 1234 1111 esse,

197 1160 260 1198 non
283 1143 371 1200 utin
396 1137 556 1201 rhetorum
574 1123 684 1202 sobolis
702 1119 927 1219 declamarent,
949 1161 1005 1202 nec
1024 1151 1059 1200 ut
1077 1139 1153 1200 fictis
1176 1159 1235 1202 nec

190 1244 263 1304 ullo
282 1245 381 1307 modo
399 1247 439 1307 ad
453 1230 614 1332 veritatem
634 1231 867 1310 accedentibus
867 1249 1079 1310 controversiis
1100 1247 1235 1329 lingnam

173 1348 306 1408 modo
313 1347 356 1410 et
367 1363 475 1412 vocem
497 1341 693 1432 exercerent,
722 1353 773 1414 sed
796 1340 831 1414 ut
852 1353 890 1443 iis
911 1337 1026 1414 artibus
1047 1361 1155 1436 'pectus
1176 1355 1235 1412 im

197 1455 337 1536 plorent,
356 1478 392 1516 ιιι
414 1451 525 1538 quibus
547 1459 692 1520 debonis
712 1460 861 1540 ecmelis,
884 1460 923 1520 de
945 1458 1072 1520 honesto
1095 1469 1124 1520 et
1140 1460 1253 1557 turpi,x

74 1574 86 1627 g
152 1557 237 1620 toda
259 1561 339 1620 iusto
361 1569 392 1620 et
406 1551 524 1622 iniusto
546 1562 731 1644 disputatur.
773 1563 854 1647 Haec
876 1574 920 1622 est
936 1564 1017 1637 enirn
1039 1551 1236 1631 oratorisnb·

128 1749 132 1757 ‚
177 1667 275 1727 iecta
294 1666 333 1726 ad
354 1667 514 1728 dicendum
537 1669 675 1729 materia.
719 1671 1055 1732 Neminiudiciisfere
1074 1669 1237 1756 deaequi
1321 1680 1323 1693 “

176 1784 278 1852 -,tate
303 1775 335 1834 ιιι
357 1773 627 1840 deliberationibus
648 1777 685 1837 de
718 1777 876 1846 honestate
905 1755 1099 1868 disserimus,
1130 1779 1174 1837 ita
1201 1787 1258 1860 ut,

198 1883 381 1970 plerumque
401 1883 506 1946 haec
497 1907 561 1967 ipsa
584 1889 615 1946 in
637 1889 737 1947 vicem
761 1887 967 1966 misceantur3
992 1879 1164 1967 dequibus
1183 1905 1239 1945 co-
1341 1893 1343 1900 ’

197 1991 284 2070 piosa
305 1999 335 2052 et
355 1969 441 2051 varie
459 2002 490 2052 et
510 2003 617 2060 ornate
637 1993 733 2054 neruo
752 1993 853 2054 dicere
874 2001 990 2074 potest,
1022 1993 1080 2054 nisi
1101 1993 1153 2072 qui
1172 1987 1237 2052 'co-

145 2081 306 2176 'riguerit
328 2091 471 2157 naturam
492 2081 659 2152 humanam
680 2095 795 2166 etvini
817 2093 965 2170 virtutum
994 2090 1238 2177 pravitatemque

37 2250 43 2266 .
72 2223 73 2228 ’
127 2277 129 2282 Α
199 2189 356 2260 vitiorum.
366 2209 398 2260 et
418 2197 608 2260 intellectum
630 2220 753 2286 eorum,
784 2221 861 2281 quae
883 2219 995 2280 neque,
1011 2201 1043 2259 in
1072 2193 1238 2266 virtutibus

198 2307 352 2390 usquein
383 2295 464 2378 vitiis
495 2319 705 2373 numerantur.
746 2308 791 2368 Ex
823 2307 869 2368 his
898 2307 1035 2370 lontibus
1062 2303 1152 2369 etiam
1182 2285 1246 2372 itta

192 2414 380 2498 profluunt,
401 2426 438 2477 ut
460 2415 580 2476 facilius
599 2417 677 2474 irnm
698 2412 806 2473 iudicis
824 2403 878 2474 vel
897 2411 1018 2494 instiget
1048 2413 1097 2475 vel
1129 2415 1236 2498 leniat„

178 2523 180 2528 ’
200 2523 254 2605 qui
274 2524 331 2584 scit
352 2521 427 2604 quid
447 2521 504 2596 ira,
527 2518 702 2600 promptius
721 2515 763 2578 'ad
777 2517 997 2578 miserationem
1020 2516 1164 2600 impellat,
1182 2525 1234 2602 qni

133 2631 256 2692 12⁰scit
279 2629 355 2712 quid
376 2630 414 2690 sit
437 2625 645 2688 misericordia
666 2604 695 2684 et
716 2625 828 2711 quibus
849 2621 942 2684 aniini
970 2625 1104 2687 motibus
1129 2632 1234 2688 conci-

132 2723 135 2728 *
158 2747 289 2805 tetur.
333 2739 367 2796 ln
390 2733 436 2792 his
457 2731 575 2794 artibus
593 2723 915 2810 exercitationibusque
943 2739 1080 2792 versatus
1110 2743 1233 2815 orator,

160 2845 268 2908 sive
289 2842 370 2925 apud
392 2837 515 2898 infestos
535 2841 599 2900 sive
618 2835 701 2934 apud
720 2835 846 2918 cupidos
867 2837 931 2896 sive
950 2835 1031 2916 apud
1063 2837 1235 2904 invidentes
1315 2847 1317 2852 '

200 2943 266 3012 sive
288 2948 367 3034 apud
386 2947 485 3008 tristes
513 2944 577 3036 sive
606 2931 690 3028 apud
713 2946 854 3006 timentes
883 2944 1043 3006 dicendum
1069 2925 1231 3027 habitarit,
1255 2934 1262 2992 s
1288 2961 1291 2966 '
1359 2949 1362 2956 ’
1402 2995 1405 3009 ,

202 3058 326 3120 tenebit
339 3074 431 3118 venas
452 3045 641 3129 animorum,
662 3061 693 3112 et
714 3061 806 3133 prout
826 3053 970 3132 cuiusque
988 3054 1101 3111 natura
1126 3065 1231 3133 postu·
1394 3053 1396 3060 ⁴

153 3155 322 3256 afflaverit,
347 3157 504 3224 adhibebit
526 3179 666 3220 manum
665 3167 701 3217 et
722 3157 902 3240 temperabit
916 3157 1103 3236 orationem,
1125 3171 1234 3240 parato

203 3277 286 3334 omni
307 3255 509 3336 instrumento
532 3279 561 3329 et
581 3266 620 3326 ad
641 3261 762 3325 omnam
782 3279 869 3325 usum
893 3268 1033 3348 reposito.
1057 3267 1136 3327 Sunt
1152 3269 1231 3348 apud

183 3399 280 3458 quos
300 3367 477 3436 adstrictum
499 3383 528 3432 et
548 3366 706 3432 collectum
728 3381 758 3430 et
778 3368 895 3450 singula
925 3371 1025 3430 statim
1054 3387 1231 3454 argumenta
1268 3406 1270 3413 ι

126 3489 152 3573 '¹
204 3485 391 3546 concludens
414 3479 651 3562 dicendigenus
679 3477 746 3560 plus
774 3477 844 3538 fidei
874 3487 1029 3540 mereturs
1061 3482 1141 3562 apud
1176 3483 1236 3548 bos,
1321 3463 1322 3468 ἵ
1359 3515 1365 3528 ·

200 3649 471 3666 mum

291 3753 316 3788 a·
335 3713 444 3806 ornate]
467 3733 537 3809 quid
553 3743 650 3788 orator
669 3733 699 3788 F.

289 3829 316 3882 8.
334 3844 478 3900 exercent,
502 3828 553 3886 sed
577 3843 607 3887 ut
625 3829 656 3882 ιἰι
679 3829 885 3900 iis-implorent
903 3829 932 3880 tt.
965 3827 1039 3882 Idem
1070 3835 1105 3886 13.
1126 3834 1230 3886 omittit

202 3923 419 3994 plerumque
990 3933 994 3938 ’

275 4033 318 4085 ¹9·
334 4036 378 4072 rra
397 4017 520 4084 Lipsius·
536 4015 643 4070 Fzssrac
676 4007 800 4071 Mores.
821 4019 1006 4112 versaturffF
1027 4025 1067 4070 et
1082 4021 1123 4071 ι8
1139 4017 1231 4088 fidem.
