2890 4728
174 478 180 506 ι
213 457 276 528 324
624 440 868 514 scircossa

188 636 314 718 spania
342 631 555 698 nescientibus.
608 636 799 714 Quantulum
820 634 902 694 enim
932 632 1074 692 transisse
1104 627 1245 706 militum,

211 742 238 800 si
258 760 322 802 sese
343 739 687 801 Britanni'numerent?
705 741 758 800 Sic
769 739 948 800 Germanias
962 735 1121 796 excussisse
1130 737 1245 820 iugum,

212 858 243 910 ct
261 846 403 924 flumine,
425 867 486 907 non
512 839 636 906 Oceano
669 844 802 905 delendi.
847 844 912 904 Sibi
945 845 1076 923 patriam
1102 843 1247 920 coningos

212 963 361 1036 parentes,
383 951 443 1014 illis
458 935 623 1014 avaritiam
643 963 674 1013 et
696 953 846 1010 luxuriam
866 969 970 1008 causas
991 947 1062 1009 belli
1085 969 1160 1009 esse.
1180 948 1246 1007 Re-

211 1078 367 1134 cessuros,
385 1071 421 1121 ut
441 1061 529 1122 divus
549 1061 643 1122 lulius
663 1063 847 1135 recessisset,
866 1056 961 1116 modo
979 1058 1127 1117 virtutem
1147 1056 1276 1124 maio-5

212 1189 281 1228 rum
300 1189 423 1230 suorum
445 1167 683 1230 aemularentur.
726 1167 806 1226 Neve
824 1165 932 1246 praelii
962 1165 1053 1224 unius
1085 1176 1138 1224 ant
1165 1163 1244 1224 alte-

211 1277 276 1336 rius
295 1285 408 1336 eventu
430 1287 643 1356 pavescerent:
665 1273 735 1356 plns
747 1276 905 1356 impetus,
934 1273 1078 1331 maiorem
1099 1281 1244 1332 constan-

213 1383 288 1441 tiam
315 1402 407 1462 penes
441 1383 566 1442 miseros
594 1402 665 1441 esse.
709 1383 772 1440 lam
808 1379 1024 1440 Britannorum
1052 1377 1142 1438 etiam
1171 1376 1244 1436 deos

213 1490 366 1563 misereri,
392 1490 446 1568 qui
466 1491 639 1548 Romanum
659 1488 770 1548 ducem
791 1489 966 1567 absentem,
995 1485 1049 1567 qui
1076 1482 1243 1566 relegatum

214 1597 246 1654 in
268 1593 327 1654 alia
348 1595 446 1656 insula
469 1598 637 1686 exercitum
656 1596 848 1676 detinerent3
872 1597 930 1655 iarn
949 1597 1049 1676 ipsos,
1070 1592 1151 1674 quod
1164 1590 1243 1652 diffi.
1257 1611 1295 1650 ro

159 1703 164 1709 “
212 1702 360 1764 cillimum
383 1704 490 1782 fuerit,
526 1704 709 1765 deliberare.
749 1705 848 1765 Porro
870 1706 901 1764 in
932 1703 1078 1764 eiusmodi
1112 1699 1245 1759 consiliis

214 1807 407 1890 periculosius
429 1831 492 1870 esse
513 1790 698 1890 deprehendi
720 1831 812 1891 qnam
828 1810 950 1876 audere.
992 1809 1048 1870 His
1069 1819 1160 1888 atque
1173 1791 1309 1872 tali-16

212 1913 270 1974 bns
291 1914 322 1974 in
341 1918 436 1976 vicem
455 1917 592 1978 instincti
612 1900 773 1994 Boudicca,
797 1919 914 2000 generis
937 1917 1013 1998 regii
1027 1915 1146 1990 femina,
1167 1912 1247 1974 duce

215 2025 324 2102 (neque
347 2024 427 2082 enim
450 2041 552 2082 sexum
572 2023 603 2080 in
626 2021 760 2103 imperiis
781 2023 967 2098 discernunt)
998 2039 1152 2102 sumpsere
1173 2021 1246 2079 uni.

214 2131 293 2188 versi
320 2129 456 2208 bellum3
487 2153 522 2190 ac
550 2150 671 2212 sparsos
699 2151 755 2212 per
785 2127 909 2189 castella
931 2127 1042 2188 milites
1068 2128 1244 2203 consectati,
1260 2130 1295 2193 ι5

213 2239 388 2319 expugnatis
401 2239 556 2320 praesidiis
579 2241 676 2322 ipsam
691 2238 839 2300 coloniam
859 2217 998 2300 invasere
1018 2247 1052 2296 ut
1066 2234 1166 2298 sedem
1179 2256 1246 2296 ser-

205 2345 330 2406 ·vitutis.
373 2349 435 2406 Nec
456 2346 552 2406 ullum
572 2348 604 2406 in
626 2346 767 2408 barbaris
787 2343 928 2404 saevitiae
947 2351 1041 2422 genus
1076 2344 1177 2402 omisit
1198 2340 1246 2402 ira

211 2445 244 2510 et
266 2455 402 2513 victoria.
448 2455 540 2532 Quod
560 2454 617 2514 nisi
638 2452 787 2514 Paulinus
817 2443 937 2533 cognito
956 2452 1132 2532 provinciae
1160 2461 1244 2510 motu

212 2578 342 2638 propere
364 2559 570 2632 subvenisset,
593 2562 701 2620 amissa
720 2559 878 2618 Britannia
901 2557 1000 2638 foret3
1034 2579 1126 2641 quam
1155 2558 1246 2617 unius

213 2665 318 2744 praelii
340 2666 461 2726 fortuna
483 2666 578 2726 veteri
599 2665 761 2745 patientiae
782 2665 931 2739 restituit,
957 2666 1130 2727 tenentibus
1159 2685 1294 2736 armano

214 2769 379 2850 plerisque,
401 2793 477 2852 quos
498 2770 681 2831 conscientia
704 2769 880 2830 delectionis
897 2781 927 2832 et
944 2775 1114 2854 propiusex
1144 2773 1245 2856 legato

213 2877 305 2936 timor
325 2878 472 2960 agitabat,
495 2879 551 2955 ne,
573 2897 747 2962 quanquam
770 2877 908 2960 egregius
929 2891 1037 2958 cetera,
1061 2881 1246 2962 adroganter

215 2983 248 3044 in
268 2984 386 3046 deditos
410 2996 457 3062 et,
476 2997 511 3058 nt
525 3007 598 3046 suae
619 3005 740 3067 quoque
762 2961 890 3046 iniuriae
920 2987 1021 3064 ultor,
1045 2986 1150 3048 durius
1168 3007 1246 3076 eqn-

55 3091 92 3164 (³-
106 3089 203 3162 ¹1·⁸¹5)
215 3093 337 3156 soleret.
396 3096 503 3156 Missus
537 3095 630 3176 igitur
659 3095 822 3155 Petronius
848 3093 1064 3174 Turpilianus,
1097 3105 1246 3174 tanquam
1278 3139 1291 3156 .

181 3219 185 3225 ·
215 3201 413 3266 exorabilior:
447 3212 477 3263 et
497 3201 614 3264 delictis
633 3193 765 3262 bostium
787 3223 883 3262 novus
915 3221 1012 3282 eoque
1042 3197 1294 3282 paenitentiae25

215 3309 334 3387 mitior,
367 3309 539 3390 compositis
569 3309 722 3391 prioribus
755 3307 832 3368 nihil
866 3306 946 3370 ultra
977 3327 1067 3369 ausus
1089 3308 1245 3372 Trebellio

59 3409 203 3483 (ΝΜ)
218 3417 348 3476 Maximo
369 3417 556 3498 provinciam
575 3417 714 3478 tradidit.
754 3415 923 3477 Trebellius
954 3419 1073 3506 segnior
1094 3425 1124 3476 et
1155 3416 1246 3478 nullis

217 3517 396 3583 castrorum'
411 3524 620 3609 experimentis
641 3523 781 3585 comitate
808 3524 939 3605 quadarn
969 3525 1094 3586 curandi
1121 3526 1245 3606 provin·

216 3627 296 3686 cium
314 3629 421 3688 tenuit.
462 3627 603 3690 Didicere
615 3631 675 3688 iam
696 3627 961 3714 barbariquoque
974 3631 1139 3714 ignoscere,
1163 3629 1244 3692 vitiis

220 3731 457 3746 *ψ*

302 3774 327 3828 s.
344 3775 477 3829 omnem
493 3773 552 3825 vs:
569 3761 611 3826 is
629 3777 754 3830 versores.

292 3884 329 3936 ¹7·
349 3869 442 3920 amisit
460 3867 520 3933 ss,
541 3875 689 3920 correctum
710 3887 726 3919 a
746 3869 882 3923 Rbensno.

141 4043 147 4052 1
287 3975 329 4014 aa.
347 3977 399 4025 nr,
416 3974 576 4034 quanquam
605 3965 705 4018 amicus
729 3963 863 4020 Welchii:
895 3963 1019 4017 Vaticani
1052 3977 1245 4038 nequaquam,

217 4053 261 4108 ΔΕ
280 4054 330 4111 bid
342 4073 409 4110 cum.
