2914 4724
540 421 612 482 Lis.
637 427 658 488 1.
682 425 767 487 CAP.
791 427 922 491 58432.
1201 424 1242 489 45

242 525 247 549 t

121 673 130 689 .
184 613 189 658 ’.
222 602 369 659 exercitus
401 597 486 659 electi
514 619 581 660 cum
605 602 706 682 aquila
728 603 849 680 quintae
879 603 1001 678 legionis
1023 613 1051 660 ct
1072 600 1243 660 cohortibus
1255 611 1279 674 (a
1302 603 1331 662 C,
1343 604 1400 674 69.)

223 705 335 786 alisque
367 707 404 766 ad
440 704 640 786 quadraginin
669 709 749 766 milia
781 720 965 768 armatorum
997 709 1084 783 data3
1119 709 1242 788 triginta

221 811 301 870 milia
325 811 451 870 Caecina
475 832 490 872 e
510 815 664 893 superiore
695 815 854 872 Germania
877 812 1016 886 (lacebat,
1039 833 1169 891 qnorum
1192 834 1242 872 ro.

140 954 148 972 t
219 918 280 978 laur
309 918 387 1000 legia
420 941 503 996 una,
531 921 816 1000 primaetvicesima‚
857 921 921 980 snit.
980 919 1094 979 Addita
1122 919 1244 1000 utrique

126 1077 130 1098 ,
191 1013 441 1090 &Germanorum
473 1013 606 1100 auxilie,
640 1023 785 1104 equibus
807 1023 944 1084 Vitellius
965 1045 1031 1084 suas
1050 1045 1171 1108 qnoque
1191 1047 1243 1085 co·

155 1127 281 1210 fflpias
303 1131 465 1212 supplevit,
489 1142 556 1191 tota
578 1131 657 1190 mole
690 1127 761 1190 belli
783 1141 949 1190 secuturus.
990 1131 1068 1190 Mira
1091 1137 1170 1192 inter
1193 1154 1243 1191 ex·

220 1241 346 1300 ercitum
370 1241 640 1319 imperatoremque
668 1213 837 1299 diversitas.
887 1239 1000 1298 instare
1023 1237 1124 1316 miles,
1157 1260 1242 1298 arma
1309 1254 1313 1262 ‘

221 1366 355 1424 poscere,
378 1348 451 1406 dam
473 1345 584 1406 Galliae
605 1346 765 1426 trepident,
788 1349 857 1406 dum
875 1347 1034 1427 Hispaniae
1055 1355 1241 1406 cunctentur.

220 1449 289 1509 Non
308 1451 428 1510 obstare
448 1451 576 1510 hiemem
597 1471 696 1532 aeque
717 1452 845 1530 ignavae
867 1455 945 1532 pacis
969 1472 1076 1510 moras.
1099 1453 1242 1520 lavaden·

175 1553 289 1626 10dam
312 1556 451 1630 ltaliam,
480 1555 686 1635 occupandam
711 1555 829 1616 urbem.
869 1553 950 1614 Nilril
974 1555 1005 1614 in
1027 1557 1183 1620 discordiis
1204 1563 1243 1620 ci·

217 1661 326 1726 vilibus
340 1660 533 1722 festinatione
551 1667 654 1731 tatius,
685 1661 737 1722 abi
759 1660 839 1720 lacto
867 1659 960 1741 magis
992 1681 1082 1741 qnam
1104 1665 1242 1726 consulto

216 1792 290 1851 opus
309 1779 397 1831 esset.
453 1768 606 1849 Torpehat
639 1769 785 1842 Vitellius,
817 1748 847 1828 et
878 1765 1029 1830 fortunam
1058 1772 1244 1853 principatus

215 1883 306 1942 inerti
337 1881 407 1941 laxa
439 1900 473 1940 ac
502 1879 638 1963 prodigis
672 1883 768 1962 epulis
796 1879 1028 1962 praesumebat,
1056 1878 1155 1941 medin
1183 1879 1242 1940 diei

215 1987 398 2048 temulentus
429 1999 457 2046 et
478 1988 580 2068 sagina
604 1991 719 2068 gravis,
744 2009 812 2048 cum
833 1999 932 2047 tamen
955 1987 1046 2047 ardor
1068 1999 1097 2048 et
1115 1989 1159 2048 vis
1184 1985 1242 2046 mi·

171 2093 303 2176 1y5litum
323 2094 405 2152 ultro
425 2089 506 2150 dacis
529 2097 633 2152 munia
656 2090 818 2176 implebat,
850 2105 884 2152 ut
901 2093 935 2154 si*
947 2093 1063 2152 adesset
1080 2095 1243 2173 imperator

209 2211 246 2281 sset
268 2199 399 2259 strenuis
420 2196 467 2256 vel
487 2198 602 2274 ignavis
623 2219 706 2278 spem
722 2210 897 2276 metamque
923 2198 1057 2258 adderet.
1098 2198 1242 2258 Instructi

216 2305 385 2385 intentique
408 2303 526 2383 signum
548 2295 740 2382 profectionis
767 2315 943 2382 exposcunt,
975 2301 1095 2362 nomine
1116 2305 1241 2364 Germa.

216 2409 421 2472 nieiVitellio
444 2410 544 2469 statim
583 2405 705 2467 addito:
748 2407 904 2468 Caesarem
935 2427 966 2468 se
987 2407 1132 2488 appellari
1151 2409 1241 2471 etiam

120 2488 125 2570 i
202 2516 500 2608 ¹victorpralailrnit.
543 2517 671 2574 Laetum
691 2515 850 2596 angurium
885 2515 980 2576 Fabia
1012 2515 1133 2577 Valenti
1163 2537 1241 2578 exer·

166 2626 372 2705 20citnique,
401 2641 490 2703 quem
520 2621 550 2680 in
571 2619 689 2694 ¹bellum
721 2619 844 2701 agebat,
873 2621 934 2702 ipsa
965 2621 1159 2701 profectionis
1191 2623 1241 2684 die

216 2731 316 2815 aquila
335 2730 394 2791 leni
418 2739 527 2803 meatu,
565 2738 654 2812 prout
675 2749 780 2810 agmen
805 2729 965 2812 incederet,
995 2731 1077 2791 velat
1097 2730 1154 2788 dax
1174 2733 1240 2790 riae

216 2838 416 2920 praevolavit3
446 2815 712 2918 longumquep'er
744 2841 871 2917 spatium
900 2838 924 2896 is
945 2838 1139 2918 gaudentium
1160 2836 1237 2897 mili·

216 2955 281 3002 tum
303 2941 425 3015 clamor,
449 2961 482 3004 ea
491 2943 574 3022 quies
593 2941 754 3002 interritae
773 2939 851 3006 alitis
865 2941 934 3015 luit,
960 2954 991 3002 ut
1011 2941 1092 3006 lraad
1112 2945 1238 3006 dubium

220 3119 458 3134 Μαι-...Μο-

306 3221 326 3256 1.
346 3221 405 3258 cum
424 3205 519 3273 aquila
537 3205 649 3276 quintae
677 3191 802 3276 legionis}
832 3207 897 3258 Cam
926 3195 956 3257 nir
981 3209 1076 3258 ceteris
1101 3206 1236 3256 inferioris

216 3300 347 3352 exercitus
368 3299 536 3368 legionibus,
555 3301 641 3366 prima
661 3308 688 3350 et
707 3305 800 3369 quinta
823 3301 933 3354 decanta
963 3310 990 3354 et
1017 3308 1088 3352 serta
1111 3299 1236 3360 decuma,

215 3396 324 3448 nonnisi
342 3395 420 3443 electi
440 3395 619 3464 singalaequc
635 3394 756 3446 cohortes
775 3411 833 3445 cum
853 3397 965 3448 Valente
994 3395 1244 3462 proficiscerentur,

214 3493 340 3562 quintam
358 3488 465 3558 qnidam
493 3497 577 3542 totam
603 3489 658 3540 'eius
687 3491 816 3540 exercitui
841 3495 981 3543 accessisse
1012 3505 1044 3538 aa
1069 3487 1157 3539 verbis
1184 3487 1237 3540 lme
1292 3533 1295 3537 .

214 3584 382 3650 transcriptis
401 3571 492 3653 patet.-
519 3583 614 3654 aqnila
636 3581 779 3638 enim'non
803 3590 876 3654 prins
896 3605 929 3640 ex
957 3587 1079 3638 hibernis
1111 3573 1236 3646 ellertur,

185 3743 189 3750 1
217 3693 295 3748 quam
314 3677 436 3728 universa
454 3677 523 3742 legio
545 3675 723 3744 eggrediatnr.
758 3679 835 3731 cont.
856 3682 905 3731 uto
926 3680 976 3739 XI,
999 3680 1035 3730 18·
1057 3679 1237 3748 Quemadmo-

217 3775 278 3822 dnm
296 3773 378 3839 igitur
399 3771 552 3822 Caeciniani
571 3773 702 3824 exercitus
723 3773 804 3824 robur
822 3776 891 3840 legio
908 3774 1150 3842 primaetvr'resima
1175 3775 1236 3833 suit,

216 3865 252 3912 ita
267 3863 364 3932 quirun
385 3861 505 3926 Valentis
519 3867 665 3914 exereitum
682 3867 826 3933 praecipue
851 3865 974 3943 firmavit.

290 3973 316 4022 ¹7
336 3955 454 4027 namins]
474 3957 534 4008 raom
551 3957 600 4008 lla.
620 3961 682 4010 Mar
701 3977 741 4008 21.
760 3960 818 4008 Irni
838 3946 1116 4016 tentattusr'codtces
1136 3963 1200 4013 levi.
1280 3969 1284 3976 '
