2890 4728
467 405 470 412 ¹
568 473 570 478 ,
629 417 715 478 CAP.
736 421 830 482 5-'l.
1195 425 1254 488 283

183 639 185 644 ,
231 597 388 659 velocitate
421 598 582 681 conspicui.
636 599 695 660 Sed
721 620 777 660 nec
809 599 925 660 variare
958 619 1049 682 gyros
1077 599 1106 657 in
1137 615 1253 662 morem

100 690 105 698 s
229 715 365 767 nostrum
386 707 553 768 donentur:
575 709 604 766 in
627 716 744 768 rectum
766 715 817 766 aut
839 727 902 768 uno
923 704 999 768 llexu
1018 707 1138 770 dextros
1150 720 1252 788 agunt,

168 845 170 852 =
228 813 270 870 ito
291 813 451 872 coniuncto
474 811 566 885 orbe,
588 822 732 872 ut‘nemo
753 805 899 892 posterior
920 813 966 872 sit.
1008 815 1042 874 ln
1079 795 1253 876 universum
1347 821 1349 825 ’

229 899 396 978 aestimanti
418 919 486 1000 plus
506 939 599 1000 penes
619 917 752 999 peditem
774 915 912 997 roboris3
941 939 1037 1001 eoque
1057 921 1139 982 mixti
1160 939 1250 1002 ppas-

201 1022 366 1101 5lisutur,
393 1037 462 1106 apta
484 1039 513 1088 et
533 1035 720 1110 congruente
739 1026 777 1088 ad
809 1036 977 1108 equestrem
992 1093 993 1098 1
1009 1049 1141 1110 pugnum
1170 1027 1255 1088 velo·

230 1133 320 1194 uitale
339 1135 486 1214 pediturn,
505 1155 580 1214 quos
600 1155 633 1194 ex
657 1135 739 1196 omni
758 1136 917 1197 iuventute
937 1133 1067 1198 delectos
1079 1144 1150 1196 eote
1162 1135 1256 1198 uelem

230 1239 340 1301 locant.
381 1240 532 1301 Definitur
560 1251 591 1302 et
622 1261 787 1322 numerus:
813 1243 930 1304 centeni
960 1256 994 1304 ex
1024 1240 1148 1322 siugulis
1174 1241 1256 1322 pagis

232 1357 322 1422 sunt3
358 1346 450 1427 idque
476 1346 573 1428 ipsum
594 1348 673 1407 inter
691 1369 762 1408 suus
787 1361 954 1426 vocentur,
986 1359 1017 1408 et
1047 1346 1129 1429 quod
1158 1334 1257 1428 primo

229 1472 371 1512 numerus
394 1451 465 1526 suit,
491 1453 550 1511 iam
571 1473 679 1514 nomen
699 1464 728 1514 et
747 1453 845 1514 bonor
864 1465 916 1516 est.
960 1455 1048 1524 Acies
1071 1475 1127 1535 per
1146 1472 1255 1514 euneos

151 1614 154 1619 .
181 1581 216 1621 ro
230 1559 432 1639 componitur.
475 1557 590 1620 Cedere
612 1559 698 1637 loeo,
716 1559 887 1622 ‘dummodo
907 1579 1013 1622 rursus
1042 1560 1153 1636 instes,
1184 1579 1256 1620 oon·

147 1734 151 1740 ,
227 1667 285 1726 silii
307 1667 590 1748 quam-formidinis
618 1667 810 1730 arbitrantur.
854 1667 991 1749 Corpora
1017 1688 1138 1732 suorum
1165 1667 1254 1730 etism

208 1776 260 1832 xiu
281 1772 382 1844 dubiis
401 1773 521 1855 praeliis
539 1773 685 1835 referunt.
727 1775 853 1838 Senium
873 1775 1026 1857 reliquisse
1056 1775 1255 1857 praeeipunm

161 1884 163 1892 ’
228 1880 394 1960 flagitium,
418 1869 471 1941 ndo
491 1891 542 1942 eut
563 1884 655 1942 saeris
676 1881 778 1944 edesse
801 1894 854 1945 aut
879 1883 1037 1944 concilium
1068 1884 1147 1942 inire
1167 1881 1254 1962 iguo·

229 1987 359 2047 minioso
381 1987 442 2077 fasp
479 1987 625 2070 multique
647 1991 820 2070 superstites
849 1989 994 2050 bellorum
1024 1988 1176 2051 iufamium
1212 1991 1255 2052 la·

194 2095 307 2174 'lqueo
328 2095 480 2153 finierunt.
525 2094 618 2171 Reges
639 2113 674 2151 ex
695 2086 878 2165 nobilitate,
909 2092 1002 2152 duces
1023 2112 1056 2152 ex
1079 2095 1190 2152 virtute
1203 2115 1254 2152 su-

200 2220 201 2226 *
230 2211 326 2257 munt.
368 2201 427 2257 Nee
449 2197 569 2278 regibus
593 2198 710 2258 infinite
728 2185 786 2258 *aut
806 2177 900 2256 libere
916 2207 1075 2277 .potestas;
1107 2209 1136 2258 et
1164 2199 1256 2260 duces
1362 2259 1369 2266 .

232 2292 487 2385 exemplo'potius
512 2321 604 2382 quem
625 2299 770 2379 imperi03
792 2302 817 2360 si
841 2301 975 2381 prompti
1009 2302 1032 2362 si
1053 2303 1204 2382 conspicui
1231 2307 1266 2364 si·
1352 2284 1355 2288 ⁸

166 2418 168 2424 ‘
232 2423 300 2477 ante
321 2412 414 2472 aciem
438 2386 545 2490 agant,
568 2401 769 2468 admiratione
789 2422 943 2490 praesunt.
985 2409 1134 2493 Celerum³
1161 2429 1255 2490 neque

225 2497 593 2597 enimndvertereueque
621 2513 755 2604 vincire,
786 2536 824 2574 ue
853 2515 1015 2576 verberare
1044 2516 1166 2597 quidem
1199 2518 1255 2578 nisi

184 2661 220 2702 20
229 2625 437 2688 sacerdotibus
460 2625 659 2706 permissum,
681 2641 742 2682 non
765 2623 850 2704 quasi
872 2619 902 2687 in
932 2641 1059 2704 poenam
1087 2643 1141 2684 neo
1170 2623 1254 2684 duoie

175 2745 180 2753 ’
228 2738 324 2808 iussu,
346 2731 399 2792 sed
420 2733 504 2792 velut
525 2729 581 2788 deo
612 2731 794 2810 imperante,
825 2749 915 2810 quem
940 2729 1042 2792 adesse
1071 2728 1255 2794 bellantibus

229 2839 379 2916 credunt3
414 2826 582 2917 effigiesque
613 2838 745 2917 obsigna
767 2835 915 2920 quaedam
948 2837 1084 2900 detractu
1116 2829 1253 2900 lueis-iu
1282 2889 1284 2894 .

226 2946 378 3028 praelium
399 2943 509 3004 seruiit.
551 2943 703 3026 Quodque
725 2947 926 3028 praecipuum.
941 2945 1125 3008 fortitudinis
1149 2949 1255 3014 inuite-

232 3063 367 3113 mentum
388 3063 450 3128 est,
473 3072 531 3110 non
552 3045 639 3110 ossus
660 3073 715 3112 nec
748 3053 874 3114 fortuita
904 3053 1092 3131 conglobatio
1124 3065 1252 3114 turmam

184 3173 283 3239 25uut
304 3160 432 3220 eundum
454 3159 540 3234 fauit,
575 3159 627 3220 sed
658 3157 786 3220 familiae
817 3171 845 3220 et
868 3161 1113 3242 propinquitates.
1156 3160 1194 3220 Et
1222 3161 1252 3220 in
1358 3223 1366 3233 ,

229 3269 363 3348 proximo
384 3267 524 3347 pignora,
544 3265 624 3325 unde
642 3265 820 3332 feminarum
841 3265 971 3364 ululutus
996 3267 1142 3340 [audiri]‚
1174 3267 1253 3328 uude
1294 3316 1296 3320 ,

232 3403 517 3418 m

303 3449 340 3498 16.
359 3461 392 3497 oo
411 3441 428 3494 S
451 3447 519 3496 Tot
536 3445 600 3507 alii:
620 3447 721 3521 noted.
741 3447 904 3511 Parisionsis¹
915 3455 943 3499 et
958 3448 1015 3518 (ll).

298 3541 340 3593 26.
361 3537 468 3609 audiri]
487 3539 557 3606 Vide
576 3557 640 3598 uum
662 3539 795 3592 sufficiant
810 3543 1004 3610 explicationes
1025 3540 1105 3594 huius
1125 3529 1200 3596 verbi
1218 3543 1251 3594 ab
1317 3579 1321 3590 Α

231 3633 428 3702 interpretibus
449 3632 563 3686 adletae.
601 3635 655 3688 Atii
676 3635 747 3688 enim
764 3634 858 3688 audiri
881 3653 929 3705 pro
954 3635 1089 3692 infinitivo
1113 3623 1251 3690 ''historico

231 3728 383 3795 accipiunt,
402 3731 449 3780 aed
480 3733 503 3780 is
522 3729 672 3797 imperfecti
702 3731 830 3800 temporie
853 3731 911 3783 vice
929 3705 1021 3797 (Confi
1046 3733 1133 3786 Hessii
1157 3733 1251 3784 Variae
1314 3728 1315 3731 ’

162 3863 164 3880 ,
231 3820 361 3874 lectiones
390 3831 417 3899 et
448 3823 647 3876 observationes
678 3824 706 3876 in
724 3823 756 3873 Τ.
780 3826 811 3876 G.
830 3839 925 3877 comm.
953 3826 1011 3896 lll.)
1030 3829 1166 3898 iungitur,
1198 3842 1252 3878 uon

233 3917 396 3982 proesentis,
426 3933 514 3989 neque
548 3919 586 3970 rio
606 3933 664 3969 eum
682 3915 753 3972 unde
781 3919 855 3986 iungi
879 3919 987 3974 videtur
1020 3921 1196 3990 posse;.alii'
1214 3930 1253 3972 est
1288 3941 1289 3944 ¹

235 3997 412 4078 supplendum
432 4015 618 4083 praecipiunt,
640 4013 686 4068 sed
707 3993 776 4067 illud
795 4027 903 4068 estnon
924 4016 1064 4087 suppletur
1090 4015 1137 4068 sed
1159 4011 1253 4064 scribi·
1319 4084 1326 4090 .
