2914 4724
530 443 602 503 nin.
626 441 650 502 1.
670 440 756 502 cnr.
779 440 912 530 τῖς-60.
1195 435 1232 500 er

91 609 96 620 ’
207 643 316 686 nerum
336 623 475 708 adempta
493 641 640 707 equorum
658 621 857 704 pernicitate,
886 617 972 680 velat
1000 615 1093 678 vineti
1127 611 1276 680 caede-(s
1294 612 1324 666 C·
1339 615 1396 682 eo)

206 730 330 793 bantur.
370 731 510 814 Namque
530 731 644 790 mirum
664 727 770 806 dictu,
802 735 837 786 ut
855 726 896 787 sit
913 721 1012 785 omnis
1031 721 1237 782 Sarmatarum

207 840 306 901 virtus
328 838 411 902 velut
434 849 519 900 extra
538 840 630 920 ipsos.
670 835 752 896 Nihil
771 833 811 895 sd
830 830 1001 916 pedestrem
1022 847 1155 912 pugnam
1173 837 1237 888 tam

207 943 371 1026 ignavom:
394 945 449 1008 nbi
466 965 522 1028 per
541 955 659 1006 turmas
679 942 848 1018 advenere,
878 938 928 999 vix
947 937 1009 999 ulla
1036 938 1115 999 aries
1141 935 1255 998 obsti-¹

180 1053 306 1120 iterit'
327 1054 388 1116 Sed
420 1063 488 1115 tum
521 1050 649 1112 humido
679 1048 728 1109 die
759 1057 789 1108 et
814 1047 912 1108 soluto
942 1046 1011 1128 gelu
1030 1065 1129 1128 neque
1154 1045 1237 1106 oonti

206 1180 307 1240 neque
328 1159 434 1240 gladii,
452 1179 529 1240 quos
550 1155 729 1239 praelongos
752 1164 880 1236 utraque
900 1175 992 1216 manu
1013 1163 1133 1235 regunt,
1156 1151 1236 1228 usui,

206 1263 392 1345 lapsantibus
411 1266 495 1346 equis
517 1273 546 1326 et
567 1263 829 1345 ostuphraetsrum
848 1260 995 1343 pondere.
1037 1259 1072 1321 ld
1090 1261 1238 1343 principi·

206 1368 265 1430 bus
282 1381 315 1432 et
335 1373 522 1436 nobilissimo
536 1373 650 1451 eoique
662 1371 804 1451 tegimen,
826 1368 932 1430 ferreis
953 1366 1073 1430 laminis
1089 1377 1237 1449 autprae-
1273 1431 1275 1439 ,

205 1476 284 1537 duro
304 1482 391 1540 corio
408 1487 599 1555 consertum,
624 1489 659 1538 ut
680 1477 827 1538 adversus
846 1479 924 1538 ictus
942 1474 1181 1557 impenetrabile,
1192 1475 1236 1536 ita

163 1561 316 1666 so'impetu
336 1585 469 1646 hostium
494 1587 663 1668 provolutis
683 1585 818 1647 inhabile
846 1584 886 1645 ad
915 1582 1145 1665 resurgendum.
1188 1583 1236 1644 si-

183 1689 269 1767 ⁸mul
289 1687 449 1752 altitudine
475 1701 506 1750 et
537 1690 668 1752 mollitia
699 1692 780 1752 nivis
810 1687 1041 1752 hauriebantur.
1082 1689 1236 1750 Romanus

204 1795 291 1857 miles
313 1797 406 1860 facilis
428 1798 520 1858 lorica
544 1807 575 1859 et
594 1797 699 1860 missili
716 1797 780 1880 pilo
802 1808 854 1858 aut
874 1795 987 1862 lanceis
1008 1796 1254 1894 resultansauhi‘

203 1923 251 1964 res
270 1915 424 1984 posceret,
446 1903 505 1968 levi
526 1905 627 1987 gladio
645 1907 793 1968 inermem
814 1904 983 1968 Sarmatam
1013 1906 1123 1986 (neque
1155 1903 1237 1964 enim

204 2005 325 2070 delendi
343 2020 429 2072 scuto
451 2031 515 2072 mos
537 2017 593 2088 est)
621 2013 792 2072 comminus
819 2009 968 2088 fodiebat,
1004 2011 1101 2072 donee
1128 2012 1236 2092 pauci,
1311 2025 1316 2044 ⁸

160 2115 258 2194 15qui
277 2115 396 2194 praelio
416 2117 644 2195 superfuerant,
667 2117 830 2198 paludibus
853 2115 1053 2178 abderentur.
1095 2115 1141 2176 lbi
1172 2135 1239 2174 sae·

205 2221 279 2280 vitia
298 2221 406 2282 hiemis
427 2229 458 2279 et
478 2220 680 2288 vivolnerum
692 2223 857 2300 absumpti.
897 2222 1063 2300 Postquam
1076 2219 1108 2280 id
1124 2221 1238 2282 Romae

205 2336 409 2408 compertum,
429 2307 555 2386 Marcus
575 2327 712 2405 Aponius
731 2327 876 2386 Moesiam
899 2326 1041 2388 obtinens
1061 2326 1236 2410 triumphali

203 2444 322 2512 statua,
350 2432 481 2494 Fulvius
510 2431 656 2494 Aurelius
683 2441 714 2493 et
734 2431 870 2494 lulianus
892 2419 998 2495 Titius*
1019 2452 1056 2495 aa
1085 2433 1235 2500 Numisius

203 2541 309 2624 Lupus
328 2539 421 2622 legati
441 2537 599 2620 legionum
619 2521 830 2600 consularibus
857 2542 1043 2636 ornamentis
1068 2540 1233 2620 donantur,

159 2645 284 2713 nolaeto
306 2649 429 2712 Othone
446 2657 477 2710 et
497 2646 625 2729 gloriam
645 2645 675 2706 in
697 2667 730 2708 se
754 2645 912 2727 trahente,
940 2655 1084 2731 tanquam
1111 2660 1141 2710 et
1170 2649 1234 2730 ipss
1307 2651 1310 2658 '

88 2837 92 2844 1
204 2753 273 2814 felix
292 2753 374 2814 hello
396 2763 425 2815 at
448 2755 508 2816 suis
530 2752 660 2816 ducibus
679 2729 801 2847 suisque¹
831 2754 1010 2817 exercitibus
1036 2777 1103 2820 rem
1132 2757 1232 2840 publi·

203 2879 271 2920 enm
292 2860 430 2922 auxisset.

10 2977 15 3012 t
140 2963 197 3044 80
285 2963 386 3025 Parvo
410 2964 530 3026 interim
550 2967 653 3043 initio,
674 2967 757 3033 unde
776 2967 853 3029 nihil
872 2967 1051 3057 timebatur,
1084 2982 1152 3058 orta
1184 2953 1243 3032 se·¹

206 3069 282 3130 ditio
301 3091 398 3152 prope
420 3071 488 3132 urbi
511 3072 626 3134 excidio
648 3073 715 3136 fuit.
756 3075 1100 3158 Septumamdacumeus
1121 3077 1233 3136 cohor.

158 3181 268 3246 25tem
288 3199 304 3238 e
324 3177 442 3238 colonia
464 3179 596 3240 Ostiensi
617 3179 648 3240 in
669 3180 776 3242 urbem
796 3182 886 3242 arciri
907 3181 992 3242 Otho
1014 3183 1162 3260 iusserat3
1183 3204 1232 3242 ar-

204 3283 334 3344 mandae
358 3285 422 3346 eius
439 3304 511 3346 cura
540 3286 635 3360 Vario
665 3285 805 3368 Crispino
833 3288 956 3352 tribuno
988 3309 1005 3350 e
1034 3287 1232 3369 praetorianis

204 3391 286 3456 data.
329 3393 358 3450 ls
380 3413 442 3472 quo
463 3395 556 3474 magis
577 3414 693 3456 vacuus
713 3395 824 3475 quietis
846 3397 947 3458 castris
967 3397 1046 3456 iussa
1056 3414 1231 3476 exsequere.

133 3537 136 3544 -
205 3510 278 3576 tur,
304 3499 443 3560 vehicula
465 3500 595 3562 cohortis
617 3493 777 3582 incipiehte
797 3515 884 3568 nocte
906 3504 1028 3567 onerari
1054 3513 1159 3582 aperto
1174 3527 1253 3565 sarz*
1330 3577 1332 3580 ⁵

278 3671 317 3724 re.
335 3669 429 3725 hiemis
446 3685 473 3726 et
489 3671 530 3746 vr]
553 3674 598 3727 tic
615 3669 671 3728 mla
689 3675 770 3739 Bw,
789 3677 837 3728 alii
857 3678 938 3747 plene
955 3675 1001 3726 lrr'e
1018 3677 1136 3732 miseria.
1161 3679 1233 3730 Feli-

204 3766 311 3819 cissime
334 3767 458 3820 Muretus
477 3785 510 3820 ox
526 3769 571 3823 lrr'o
588 3771 640 3824 nris
655 3769 751 3820 elicuit
770 3769 881 3832 hiemis,
898 3781 924 3822 et
945 3786 979 3821 ex
996 3787 1041 3835 er,
1073 3771 1105 3824 vi
1136 3789 1170 3824 ex
1194 3773 1231 3823 ia.

204 3859 300 3928 ltaque
317 3864 419 3912 temere
437 3860 617 3929 pronuntient
634 3861 773 3912 Ernestiua
796 3869 823 3912 et
839 3858 995 3914 Waltherus
1016 3863 1155 3918 Muretum
1174 3881 1230 3916 non

205 3951 271 4005 satie
288 3951 418 4020 pressisse
436 3961 556 4007 veterum
575 3953 707 4008 librorum
727 3955 847 4024 vestigia.
867 3983 898 3996 -
921 3955 1004 4010 Paulo
1022 3963 1085 4030 post
1111 3969 1137 4008 et
1153 3955 1231 4008 titius
1248 3964 1250 3970 '

206 4058 256 4114 pro
277 4043 368 4098 Titius
385 4043 436 4110 Mi,
454 4052 485 4098 ut
501 4063 522 4098 e.
540 4050 583 4105 82.
603 4059 628 4101 st
647 4047 794 4117 proculus,
809 4061 865 4099 uon
882 4047 1023 4107 Proculus.
