2886 4726
479 415 553 480 un.
576 417 632 478 nr.
652 417 740 478 cnr.
761 399 899 484 ro-ral
1103 436 1109 451 ·
1149 421 1207 486 ier

184 597 242 659 tari
262 597 360 660 cinctu
378 595 458 658 inter
486 595 605 662 luctum
637 594 796 676 cladesque
824 605 1009 682 expugnatae
1027 594 1212 658 Tarracinae
1225 601 1253 672 (a
1269 602 1299 658 C·
1317 601 1375 668 69.)

162 703 313 788 ⁸superbe
342 724 492 786 saeveque
527 704 664 786 egissetr
685 705 750 786 lpse
775 701 911 762 lauream
930 712 1040 784 ‘gestae
1070 723 1216 784 prospere

186 808 231 868 rei
254 809 294 870 ad
315 809 441 874 [intrem
464 812 566 890 misit,
589 819 806 892 percunctatus
826 807 929 872 statim
959 807 1079 890 regredi
1111 831 1145 870 se
1177 831 1220 873 an

186 914 412 1000 perdomandae
430 919 615 1000 Campaniae
637 918 776 978 insistere
800 915 927 978 iuberet.
967 918 1059 995 Quod
1087 918 1219 979 salutare

67 1029 71 1042 '
159 1037 249 1097 5nou
271 1025 364 1088 modo
385 1023 792 1108 pertibusVespesianised
813 1025 1015 1106 reipublicae
1036 1025 1102 1086 suit.
1142 1029 1221 1088 Nam

185 1130 209 1189 si
232 1151 337 1193 recens
354 1135 481 1194 victoria
495 1133 581 1194 miles
603 1143 634 1193 et
653 1151 745 1213 super
760 1133 881 1194 insitam
899 1133 1101 1214 pervicaciam
1112 1155 1224 1194 secun*

186 1236 233 1298 dis
253 1237 341 1298 ferox
363 1240 493 1302 Romam
507 1239 730 1314 contendisset,
754 1237 835 1302 hand
857 1261 949 1320 parva
969 1239 1051 1302 mole
1070 1251 1221 1302 certatum
1310 1315 1312 1326 Ι

110 1325 115 1336 ’
145 1341 151 1354 '
186 1362 242 1402 nec
261 1343 327 1402 sine
348 1345 438 1406 exitio
460 1347 548 1410 urbia
564 1347 656 1406 foret.
699 1344 932 1424 QuippeLuciu
966 1345 1089 1410 vinitio
1112 1367 1220 1429 quani-

185 1450 231 1510 vis
252 1451 358 1512 infami
378 1453 477 1512 inerat
498 1453 669 1530 industria3
692 1471 747 1510 nec
769 1451 951 1525 virtutibus,
984 1463 1019 1512 ut
1046 1452 1135 1531 boni,
1166 1455 1222 1518 sed
1283 1466 1284 1474 ’

140 1558 338 1643 quomodo
359 1559 504 1640 pessimus
522 1561 668 1642 quisque,
692 1560 773 1620 vitiis
795 1557 933 1640 valebat„

5 1667 7 1674 '
121 1676 176 1756 78
267 1671 350 1730 Dum
381 1668 455 1729 haec
491 1668 522 1728 in
556 1667 696 1749 partibus
727 1666 842 1728 Vitellii
875 1675 1041 1748 geruntur,
1072 1667 1220 1750 digressus

47 1805 53 1829 ι
106 1851 108 1854 ¹
185 1778 301 1838 Narnia
330 1777 505 1859 Vespasiani
537 1775 684 1836 exercitus
718 1772 810 1836 festos
835 1771 962 1836 Saturni
989 1774 1052 1836 dies
1082 1775 1220 1838 Ocriculi

183 1882 241 1967 per
259 1887 356 1946 otium
376 1883 523 1967 agitabat.
564 1881 664 1944 Causa
683 1889 749 1940 tam
767 1901 879 1963 prenae
901 1901 1025 1962 morae,
1047 1893 1082 1944 ut
1101 1885 1221 1946 Maria..

186 2014 259 2054 num
281 1995 504 2076 opperirentur.
545 1989 612 2051 Nee
629 1989 755 2054 defuere
776 1991 828 2070 qui
847 1989 1011 2052 sonnium
1039 1990 1221 2072 suspicioni.

142 2117 176 2179 15
186 2103 244 2162 bus
265 2108 428 2181 arguerent
447 2107 594 2178 tauquam
609 2094 682 2156 dolo
696 2104 891 2158 cunctantem
905 2106 972 2174 post
984 2106 1111 2156 secretas
1124 2095 1220 2156 Vitel-

187 2201 222 2267 lii
243 2205 411 2284 epistolas,
430 2205 543 2283 quibus
562 2201 751 2268 consulatum
771 2213 802 2263 et
822 2200 957 2264 nubilem
971 2202 1071 2262 ,filiam
1093 2211 1125 2262 et
1137 2200 1222 2262 dotu-

188 2310 234 2372 ies
255 2289 329 2392 opes
348 2308 481 2391 pretium
504 2306 686 2388 proditionis
702 2309 858 2370 offerebat.
902 2307 967 2370 Alii
995 2309 1064 2370 ficta
1088 2307 1164 2372 haee
1192 2317 1224 2374 et

190 2417 372 2498 ingratiam
387 2416 525 2480 Muciani
545 2418 721 2497 composita.
763 2416 1043 2496 Quidamnmnium
1064 2413 1095 2478 id
1112 2417 1224 2482 ducum

176 2521 350 2588 *consilium
370 2522 474 2600 fnisse,
494 2532 645 2584 ostentare
661 2525 760 2605 potius
775 2523 843 2586 urbi
859 2523 972 2586 bellum
993 2544 1084 2606 quam
1098 2524 1221 2600 inferre,

145 2629 314 2712 20quuudo
349 2630 550 2692 validissimae
582 2629 723 2694 cohortes
752 2629 917 2694 aVitellio
945 2631 1162 2712 descivissent,
1195 2643 1225 2694 et

172 2739 314 2803 abscisis
333 2740 472 2802 omnibus
493 2739 652 2822 praesidiis
663 2719 799 2802 cessurus
821 2739 950 2822 imperio
965 2738 1139 2804 videbatur.
1164 2739 1225 2808 Sed
1334 2773 1342 2784 ·

193 2855 304 2906 cuncta
325 2845 536 2919 festinatione,
567 2845 677 2908 deinde
698 2847 819 2928 ignavia
847 2845 951 2908 Sabini
982 2857 1150 2930 corrupte,
1171 2848 1226 2931 qni
1275 2877 1277 2880 ·

196 2954 326 3032 sumptis
346 2961 459 3014 temere
479 2954 574 3012 armis
594 2953 825 3014 munitissimam
849 2953 990 3034 Capitolii
1009 2976 1109 3018 arcem
1134 2965 1164 3018 et
1186 2975 1225 3018 ne

130 3041 132 3044 Ι
198 3059 312 3142 magnis
331 3058 453 3140 quidem
474 3060 657 3124 exercitibus
679 3059 906 3142 expugnabilem
928 3059 1071 3122 adversus
1092 3062 1150 3122 tris
1171 3082 1224 3122 co.

145 3166 299 3250 filios-tes
322 3169 398 3226 tueri
420 3167 613 3247 nequivisset.
656 3165 744 3226 Haud
768 3167 853 3228 facile
875 3168 943 3248 quis
968 3165 1225 3248 nninssignnverit

188 3274 333 3356 eulpam,
365 3297 442 3355 (puae
463 3275 598 3334 omnium
621 3273 688 3333 fuit.
730 3275 808 3334 Num
834 3287 864 3336 et
885 3275 1046 3336 Mucianus
1077 3273 1224 3355 ambiguis

197 3383 333 3466 epistolis
352 3386 484 3444 victores
503 3381 698 3458 morabatur,
721 3394 750 3442 et
772 3383 926 3444 Antonius
949 3392 1144 3465 praepostero
1167 3380 1223 3442 ob·
1297 3399 1299 3404 ·

199 3495 320 3575 aequin,
343 3483 396 3552 vel*
415 3493 487 3552 dum
510 3491 620 3572 regerit
641 3488 804 3569 iuvidiam,
827 3496 947 3554 crimen
959 3492 1091 3567 meruit3
1113 3493 1223 3550 ceteri·

122 3659 128 3666 ,
199 3619 259 3679 que
278 3599 371 3660 duces
391 3597 463 3656 dum
483 3605 640 3678 peractum
659 3595 771 3656 bellum
793 3608 920 3677 putant,
950 3597 1044 3656 finem
1066 3599 1130 3658 eius
1149 3598 1223 3658 insi·

152 3705 331 3787 gognivere.
373 3701 416 3762 Ne
437 3699 561 3761 Petilius
582 3700 703 3782 quidem
723 3700 869 3780 Cerialis,
891 3723 958 3762 cum
983 3699 1052 3762 mile
1072 3703 1224 3784 eqnitibns

202 3815 378 3896 praemissus
408 3821 441 3870 ut
470 3810 648 3871 transversis
677 3805 838 3872 itineribus
866 3831 919 3892 per
949 3831 1055 3891 agrurn
1078 3811 1222 3873 Sabinum

212 3953 434 3969 m

121 4017 126 4024 ’
217 4017 222 4024 ’
275 4035 314 4088 28.
335 4035 434 4103 regerit
452 4033 583 4104 Picheua:
603 4032 646 4086 Ma
663 4039 690 4084 ct
709 4033 757 4084 alii
776 4043 888 4112 regeret.
