2890 4728
568 401 642 540 sap.
663 396 807 502 sa-ats
1050 451 1051 455 ¹
1101 535 1103 544 X
1159 441 1219 510 aas

195 596 333 674 veterum
365 611 551 694 legatorum,
587 636 639 676 ros
672 617 805 697 priorum
847 615 1028 678 exercituum
1063 617 1219 696 terminos,

196 719 288 778 tinem
309 719 484 782 Britanniae
502 742 565 782 non
587 721 666 782 fama
688 743 743 782 nec
756 741 877 782 rumore
894 723 1073 786 sedcastris
1087 729 1220 786 etermis
1248 799 1249 804 η

196 831 343 886 tenemus.
384 826 509 906 Inventa
530 828 685 888 Britannia
709 837 750 888 et
780 827 910 892 subacta
951 828 1103 915 Equidem
1133 852 1221 913 saepe

184 931 226 988 in
248 931 385 1012 agmine,
407 955 477 994 cum
499 957 552 997 vos
575 934 701 1018 paludes
723 930 877 999 montesve¹
900 947 932 998 et
955 937 1078 999 flumina
1112 937 1220 1021 fatiga.

162 1032 270 1114 5rent‚
293 1039 445 1100 fortissimi
467 1043 613 1123 cuiusque
632 1061 736 1103 vocem
755 1035 937 1112 ‘audiebama
956 1044 1111 1122 „Quando
1131 1045 1230 1116 glebii
1311 1097 1314 1102 ,

194 1137 368 1221 turbastis,
392 1145 512 1226 quando
534 1147 654 1206 acies?“
674 1147 818 1226 Veniunt,
839 1169 856 1208 e
875 1147 999 1210 latebris
1019 1150 1079 1210 suis
1100 1151 1225 1230 extrusi,

194 1261 224 1310 et
243 1260 315 1310 vota
348 1252 504 1332 virtusque
533 1251 562 1310 in
586 1262 712 1334 aperto,
748 1253 908 1334 omniaque
933 1274 1028 1336 prona
1056 1255 1222 1317 victoribus

194 1343 422 1438 atque'eadem
451 1357 536 1416 victis
569 1357 702 1417 adversa.
741 1356 823 1418 rillam
856 1369 891 1417 ut
918 1379 1073 1440 superasse
1103 1372 1222 1422 tantum

192 1461 331 1538 itineris,
354 1461 441 1522 silvas
463 1461 610 1534 evasisse,
648 1465 789 1524 transisse
817 1465 968 1526 aestuaria
999 1465 1162 1546 pulchrum
1187 1490 1222 1530 ao

141 1565 335 1628 todacorum
358 1567 387 1626 in
410 1565 562 1644 frontem,
590 1570 633 1630 ita
654 1568 837 1650 fugientibus
866 1563 1113 1650 periculosissima
1143 1597 1222 1656 quae

191 1673 281 1733 hodie
313 1665 510 1754 prosperrima
540 1685 620 1740 sunt.
663 1674 767 1758 Neque
792 1678 874 1749 enim
900 1677 987 1738 nobis
1011 1682 1223 1744 autlocorum

133 1845 135 1851 Ι
191 1778 298 1838 eadem
332 1781 437 1840 notitia
470 1789 522 1863 eut
543 1790 767 1842 commeatuum
799 1783 904 1845 eadem
933 1785 1136 1865 abundantia,
1168 1790 1221 1850 scd

169 1960 170 1968 ἵ
191 1905 300 1945 manus
320 1897 350 1946 et
370 1905 453 1946 arma
472 1869 501 1948 et
522 1886 553 1946 in
574 1886 620 1946 his
641 1889 751 1950 omnia.
795 1891 888 1968 Quod
912 1891 950 1952 ad
971 1913 1019 1953 me
1034 1895 1149 1972 attinet,
1162 1895 1222 1958 iam
1324 1905 1326 1912 ‘

185 1991 309 2093 pridem
341 1993 416 2054 mihi
447 1993 602 2054 decretum
630 2004 674 2052 est
701 2013 800 2074 noque
834 1997 981 2058 exercitus
1011 2019 1109 2080 neque
1138 2000 1241 2062 ducis¹

39 2131 41 2136 ·
139 2092 176 2153 15
189 2103 274 2180 terga
297 2111 360 2160 tuta
383 2121 457 2162 esse.
502 2098 638 2159 Proinde
656 2109 686 2156 et
698 2098 823 2156 honesta
844 2118 926 2158 mors
938 2101 1021 2180 turpi
1036 2103 1096 2161 vita
1108 2106 1219 2183 potior,

189 2217 219 2284 et
240 2205 429 2266 incolumitas
451 2215 480 2262 et
501 2193 592 2262 decus
613 2201 722 2282 eodem
743 2200 886 2262 loco-sita
915 2215 1014 2287 sunt„
1036 2207 1096 2268 Nec
1124 2210 1221 2290 inglo·
1277 2239 1281 2264 r

115 2292 176 2376 34
189 2313 268 2370 rium
286 2309 377 2370 fuerit
395 2307 426 2368 in
447 2308 510 2390 ipso
530 2310 690 2368 terrarum'
707 2326 742 2368 ao
760 2315 890 2371 naturae
910 2308 970 2370 fine
1001 2313 1150 2382 cecidisse.
1186 2318 1218 2378 Si

188 2435 284 2479 navae
303 2425 407 2497 gentes
423 2413 513 2497 atque
534 2417 637 2496 ignota
656 2415 731 2476 acies
751 2417 947 2494 constitisset,
978 2419 1107 2482 aliorum
1132 2443 1217 2483 exer·

128 2557 146 2574 =·
187 2523 301 2585 cituum
323 2520 465 2603 exemplis
489 2539 544 2580 vos
565 2517 718 2581 hortarer:
739 2539 820 2580 nunc
840 2532 939 2582 vestra
968 2522 1079 2584 deeora
1108 2547 1215 2586 recen-

131 2609 262 2710 mete,
299 2641 417 2692 vestros
450 2631 558 2692 oculos
585 2627 777 2710 interrogate.
819 2629 845 2690 Ii
878 2639 947 2690 sunt
978 2651 1054 2712 quos
1071 2635 1211 2712 proximo

182 2761 263 2800 anno
283 2759 374 2798 unam
387 2729 537 2820 legionem
559 2735 642 2796 furto
662 2735 761 2796 noctis
780 2731 936 2818 adgressos
957 2717 1089 2799 clamore
1109 2740 1212 2802 debel-

136 2881 143 2891 ,
181 2846 278 2906 lastis}
310 2847 330 2906 ii
360 2857 532 2922 ceterorum
553 2843 766 2916 Britannorum
788 2843 977 2926 fugacissimi,
998 2846 1128 2926 ideoque
1146 2827 1235 2911 tam⁸

181 2952 234 3012 diu
263 2952 449 3032 superstites.
486 2950 664 3026 *Quomodo
683 2949 772 3012 silvas
800 2950 953 3033 saltusque
980 2933 1209 3032 penetrantibus

180 3057 379 3120 fortissimum
397 3056 540 3140 quodque
561 3057 672 3118 animal
693 3059 823 3136 robore,-
837 3059 945 3140 pavida
969 3068 1000 3120 et
1019 3059 1126 3123 inertia
1141 3057 1205 3141 ipso

183 3174 478 3192 ——n———n--nffl

265 3248 291 3304 3.
310 3242 442 3315 θᾳιιίἅεηι,
462 3262 541 3318 saepe
563 3245 619 3313 Vb3
637 3260 716 3318 saepe
737 3247 866 3299 omittunt
886 3243 941 3300 tu.

264 3343 289 3396 5.
308 3358 402 3396 norem
418 3343 473 3397 sive
491 3341 619 3410 noce-(h.
644 3358 667 3398 e.
686 3344 764 3408 voce)
783 3343 846 3398 AE=
862 3341 905 3394 Vb
919 3353 1014 3403 vocer.

262 3435 287 3485 6.
303 3435 377 3508 cales
393 3434 556 3491 Bhenanus:
574 3435 619 3496 AB
637 3437 754 3500 animus.

249 3516 288 3588 B.
309 3545 450 3598 superasse
468 3529 627 3585 Bhenanus:
646 3530 690 3590 Aa
707 3546 851 3601 superesse.

219 3635 222 3640 ·
251 3637 289 3671 ro.
307 3621 349 3675 itc
370 3619 528 3677 Bhenanust
547 3619 592 3672 AB
610 3625 638 3672 et
658 3620 700 3672 Vb
723 3623 793 3674 item.
817 3655 819 3658 -
1063 3672 1064 3675 ,

231 3717 288 3784 »alr-
305 3716 402 3780 rolrora
419 3706 652 3790 accurrentes
669 3715 733 3788 (Va)
750 3732 849 3803 ruere,
880 3713 924 3768 Vb
945 3727 1042 3772 contra
1060 3731 1150 3790 meres
1165 3746 1199 3786 5-

179 3821 258 3861 ruere
276 3807 438 3860 infinitivum
457 3823 515 3862 essa
532 3823 588 3866 uon
605 3823 683 3876 posse
700 3823 760 3860 cum
774 3807 1080 3878 monuissethlchins,
1096 3813 1200 3894 primpp

179 3900 325 3968 Selliagitrs
342 3897 509 3966 (observant.
529 3903 600 3964 tritt.
618 3906 648 3957 iu
672 3904 713 3960 T..
726 3903 814 3959 Germ.
842 3919 903 3975 pag·
927 3911 984 3974 ap)
1009 3905 1061 3958 hoo
1086 3909 1198 3962 terbum

178 4011 228 4065 pro
244 3995 323 4056 tertia
341 4012 454 4066 persona
469 4001 600 4070 temporis
618 3999 731 4071 perient
742 3997 929 4069 accipiendam
940 4007 969 4056 et
979 4001 1101 4060 Vaticani
1115 4001 1200 4070 scrip·
