2912 4730
151 450 153 453 ·
210 431 251 496 80
420 467 422 474 ·
570 345 876 486 6ΗΙὸῚὈῙὶΙΑΒῘΜ

48 583 122 720 (α’ῦ.
138 649 194 720 69.)
208 607 369 693 flagravit,
390 607 455 670 sire
475 606 513 668 ab
525 605 801 689 ‚oppugnatoribus
822 603 995 682 incensum,
1016 597 1091 664 dunt
1111 602 1189 666 iaces
1208 615 1242 668 et

207 704 331 803 giaudes
351 728 381 779 et
400 714 545 778 missilem
566 716 668 796 ignem
688 717 719 776 iu
743 715 884 778 obsessos
903 711 1088 790 iaculantur,
1115 710 1180 772 sive
1200 711 1241 774 ab

121 896 122 904 χ
207 825 345 903 obsessis,
366 824 441 886 dum
460 832 579 886 retorta
599 825 750 906 ingerunt.
791 819 1093 904 Municipalevoigus
1106 841 1241 902 pronum

207 935 245 996 ad
268 931 452 1014 suspiciones
475 930 583 992 fraude
604 931 686 992 illata
706 932 784 1012 ignis
804 928 948 991 alimenta
967 927 1098 990 credidit
1130 950 1149 990 a
1171 929 1241 1010 qui-

206 1041 375 1104 busdame
404 1038 510 1100 vicinis
538 1036 666 1100 coloniis
692 1037 811 1099 invidia
842 1049 872 1099 et
900 1029 1127 1112 aemulatione,
1156 1037 1268 1120 quod5

208 1147 290 1208 nulia
313 1149 344 1208 in
369 1135 457 1207 Iteiia
483 1145 578 1207 moles
605 1156 668 1206 tam
698 1165 790 1225 capax
818 1143 905 1204 soret.
948 1145 1141 1226 Quocunque
1169 1167 1241 1208 casn

97 1248 102 1257 ‘
207 1254 334 1330 eccidit,
356 1253 430 1314 dum
450 1252 602 1316 atrociora
620 1251 844 1328 metuebantur,
866 1251 897 1311 in
919 1249 981 1313 levi
1001 1246 1149 1329 habitum,
1171 1251 1242 1311 red·

205 1363 270 1424 dita
289 1362 461 1436 securitate,
479 1358 713 1440 tanquamnihil
725 1359 853 1441 'gravius
873 1361 936 1440 pati
957 1361 1134 1442 potuissent,
1158 1380 1242 1420 mee·

207 1468 325 1532 rebant.
380 1466 521 1528 Ceterum
556 1465 652 1526 multo
683 1485 806 1528 suorum
838 1487 945 1528 cruore
966 1467 1069 1548 pulsus
1093 1465 1240 1540 Caecina;

206 1590 241 1642 et·
257 1598 316 1667 pos
338 1563 483 1658 parandis
503 1575 647 1654 operibus
658 1573 828 1656 absumpta.
872 1573 1030 1638 Vitelliani
1047 1575 1167 1655 pluteos
1177 1595 1239 1636 cra-
1256 1598 1292 1639 ro

203 1697 309 1767 tesquc
325 1693 358 1744 et
378 1684 484 1744 vineas
508 1679 703 1741 suffodieudis
732 1686 829 1744 muris
859 1682 1113 1765 protegendisque
1141 1703 1243 1764 oppu-

118 1853 134 1869 Ἀ
205 1789 394 1873 gnatorihus,
407 1787 576 1856 Othoniani
593 1789 689 1850 sudes
700 1799 732 1852 et
751 1793 912 1870 immensas
933 1781 1068 1872 lepidum
1078 1810 1113 1850 ac
1123 1789 1242 1872 plumbi

205 1898 345 1979 aerisque
364 1891 458 1954 moles
481 1893 702 1976 perfringendis
721 1894 960 1973 obruendisque
985 1894 1125 1954 hostibus
1149 1915 1242 1977 expe-

204 1999 305 2065 diunt.
346 2001 500 2084 Utrinque
521 2002 641 2084 pudor,
664 2005 810 2082 utrinque
830 1997 940 2079 gioria,
972 2009 1002 2060 et
1021 1999 1159 2064 diversa
1189 2021 1240 2062 ex·
1271 2050 1276 2054 .

203 2107 410 2186 hortationes,
430 2108 503 2171 hinc
523 2107 677 2192 legionum
699 2119 730 2170 et
751 2103 930 2168 Germanici
951 2109 1098 2170 exercitus
1131 2108 1240 2186 robur,

201 2207 275 2280 iude
297 2216 436 2280 urbanae
470 2216 598 2278 militiae
630 2227 663 2280 et
691 2211 923 2298 praetoriarum·
944 2215 1119 2278 cohortium
1147 2215 1240 2278 decus
1254 2239 1292 2305 ,5

203 2319 429 2400 attollentium3
452 2321 498 2384 itti
519 2334 554 2384 ut
572 2343 693 2406 segnem
710 2331 742 2384 et
760 2321 894 2384 desidem
908 2334 940 2384 et
958 2323 1042 2386 circo
1055 2346 1091 2387 ac
1111 2324 1240 2388 theatris

204 2439 386 2512 corruptum
408 2429 553 2506 militem,
576 2429 609 2490 hi
629 2432 829 2512 peregrinum
847 2441 877 2491 et
910 2441 1069 2492 externum
1099 2434 1240 2514 increpa·

204 2537 291 2604 bant.
332 2537 430 2598 Simul
456 2539 609 2600 Othonem
637 2559 673 2600 ac
704 2537 866 2600 Vitellium
900 2539 1087 2601 celebrantes
1112 2533 1260 2622 culpass-v

203 2656 304 2722 tesse,
323 2643 516 2708 uberioribus
535 2645 671 2708 interae
690 2646 815 2728 probris
837 2666 930 2728 quam
960 2645 1103 2709 laudibus
1130 2650 1239 2710 stimu-

202 2748 355 2814 lahsntur.
395 2752 530 2816 Vixdum
550 2766 620 2814 orto
642 2753 691 2814 die
710 2754 798 2834 plena
812 2755 1086 2836 propugnatoribus
1105 2757 1287 2838 moenium„

203 2857 352 2940 fulgentes
370 2860 463 2920 armis
483 2861 618 2940 virisque
638 2861 753 2943 campi,
787 2859 914 2922 densum
934 2859 1089 2945 legionum
1115 2875 1302 2958 agmen,qq

203 2983 306 3046 sparsa
340 2963 523 3024 auxiliorum
558 2986 686 3046 manus,
714 2965 826 3028 altiora
855 2989 1015 3031 murorum
1042 2969 1158 3052 sagittis
1184 2979 1239 3030 aut

204 3073 281 3132 saris
301 3074 465 3149 incessere,
485 3071 623 3154 neglecta
645 3086 698 3135 aut
718 3097 794 3137 aevo
812 3074 892 3138 fluxa
911 3080 1079 3140 comminus
1101 3076 1236 3157 adgredi.

203 3177 348 3254 Inger-unt
367 3178 495 3256 desuper
526 3178 693 3240 Othoniani
717 3181 797 3264 pila,
826 3181 940 3244 librato
963 3187 1059 3266 magis
1090 3192 1124 3244 et
1151 3191 1286 3254 certo25

203 3282 270 3342 ictu
284 3281 435 3346 'adversus
452 3293 565 3346 temere
574 3286 737 3350 subeuntes
759 3290 897 3352 cohortes
910 3293 1134 3352 Germanorum
1143 3301 1236 3352 cantu

203 3389 285 3448 truci
305 3398 336 3448 et
355 3407 443 3448 more
464 3393 562 3470 patrio
584 3392 674 3453 nudis
685 3397 864 3478 corporibus
883 3418 972 3476 super
987 3398 1131 3458 humeros
1149 3408 1236 3460 muta

203 3495 413 3574 quatientium.
453 3499 653 3581 Legiouarius
672 3505 784 3587 pluteis
806 3515 837 3566 et
857 3505 993 3566 cratibus
1010 3514 1106 3566 tectus
1115 3503 1235 3566 subruit

290 3742 315 3792 3.
332 3758 439 3799 retorta
456 3752 587 3821 ingerunt
605 3710 625 3803 i.
646 3752 817 3806 Gronovius:
836 3763 986 3822 reponam
1001 3766 1101 3822 gerum
1118 3751 1196 3806 BhiB.

287 3840 313 3890 5.
333 3837 357 3912 e]
376 3855 403 3896 er
419 3843 471 3896 W.
489 3846 586 3900 Statim
596 3848 723 3906 invidiae
740 3846 926 3920 aemulatione
944 3847 1068 3909 codieese
1085 3847 1195 3906 invidis:
1207 3859 1234 3902 ct
1328 3871 1334 3879 ·

203 3932 387 3990 αιιιιὶαιίοηι
406 3937 539 3996 Muretus.

171 4081 175 4090 ¹
276 4045 312 4079 to.
331 4031 473 4101 adsumpta
490 4035 628 4088 Muretus:
648 4035 754 4086 codices
771 4033 920 4110 «ἄπειμι
