2880 4720
122 363 128 382 ”
191 391 281 456 sca
517 332 524 342 ¹
581 385 638 447 ua
666 384 934 446 onaroamus

220 564 407 647 voluptatem
429 573 531 626 autem
549 561 684 642 brevem,
704 563 823 627 laudem
844 566 965 626 inanem
985 572 1016 623 et
1033 559 1253 624 inbuetnosarn

119 760 122 764 .
220 682 462 754 consequuntur.
504 671 589 732 Licet
607 670 683 732 haec
702 671 786 752 ipsa,
816 681 847 730 et
875 689 953 753 quae
974 667 1086 731 deiude
1113 667 1255 732 dicturus

220 800 308 858 sum,
330 799 420 840 aures
441 787 531 854 tuae,
564 779 720 857 Materne,
753 788 913 859 respuant,
948 777 999 838 cui
1021 777 1106 838 bono
1125 787 1190 853 est,
1225 778 1254 837 si

221 885 302 968 apud
320 895 353 948 te
372 886 580 966 Agamemnon
602 895 654 944 aut
677 885 763 944 lason
785 884 896 944 diserte
916 883 1078 966 loquitur?
1099 883 1167 964 quis
1185 881 1255 944 ideo

134 976 139 988 ’
222 992 347 1062 domum
370 991 511 1054 defensus
531 1001 562 1052 et
581 990 637 1052 tibi
654 987 802 1071 obligatus
825 991 924 1052 redit?
951 993 1020 1072 quis
1040 988 1171 1052 Saleium
1195 999 1285 1060 uo·5

227 1109 343 1176 strum,
364 1101 520 1182 egregium
539 1105 678 1180 poetam,
715 1096 762 1156 vel
784 1095 809 1156 ai
828 1095 888 1158 boc
922 1097 1169 1164 honorificentius
1194 1105 1255 1170 cst,

222 1205 496 1291 praeclarissimum
517 1215 636 1281 vatem,
659 1202 782 1264 deducit
806 1213 860 1266 ant
878 1203 989 1266 salutat
1018 1209 1072 1266 aut
1097 1201 1258 1286 prosequi·

107 1321 109 1328 ⁴
223 1313 302 1382 tur?
327 1313 481 1395 campesi
517 1311 631 1375 amicus
658 1313 743 1388 eius,
776 1311 801 1372 si
830 1311 1042 1395 propinquus,
1072 1313 1098 1372 si
1125 1310 1258 1390 deniqne

223 1419 341 1500 ipsein
361 1419 485 1500 aliquod
519 1418 674 1500 negotium
704 1419 868 1494 inciderit,
903 1420 942 1482 ad
969 1420 1052 1480 bunc
1079 1413 1256 1478 Secundum

223 1535 382 1604 recurret,
403 1535 459 1589 aot
478 1524 519 1586 ad
537 1536 592 1601 te,
613 1526 770 1600 Materne,
794 1547 858 1588 non
883 1527 955 1608 quia
977 1536 1066 1608 poeta
1086 1543 1139 1602 es,
1158 1541 1257 1602 neque
1270 1539 1308 1580 ¹0

227 1638 264 1688 ot
279 1647 337 1710 pro
357 1647 395 1688 eo
416 1648 524 1690 versus
547 1631 656 1692 iacias:
678 1630 719 1690 ·hi
740 1634 821 1690 enim
842 1631 932 1692 anso
959 1629 1042 1690 domi
1072 1638 1255 1712 nascuntur,

225 1733 345 1816 pulchri
363 1733 487 1816 quidem
507 1745 538 1798 et
557 1737 702 1816 iucundi,
728 1758 858 1819 quorum
880 1747 982 1799 tamen
1003 1735 1053 1796 bic
1075 1735 1168 1795 exitus
1196 1742 1252 1806 est,

225 1852 277 1920 ut,
298 1861 369 1902 cum
388 1851 453 1905 toto
473 1863 565 1923 anno,
587 1865 641 1926 per
660 1864 765 1906 omnes
786 1823 866 1922 dies,
890 1864 998 1924 magna
1020 1843 1154 1905 noctium
1171 1847 1256 1920 parte

184 2020 187 2026 y
227 1967 323 2008 unum
343 1945 457 2011 librum
477 1950 598 2012 excudit
617 1962 647 2012 et
660 1950 859 2026 elucubravit,
878 1969 984 2032 rogare
998 1949 1079 2010 altro
1099 1955 1130 2008 et
1142 1945 1257 2007 ambire

226 2065 368 2139 cogatur,
393 2065 427 2116 ut
446 2056 508 2116 siut
526 2062 580 2139 qui
600 2058 762 2140 dignentur
783 2057 910 2135 audire,
947 2069 976 2118 et
1005 2078 1045 2118 ne
1076 2054 1107 2114 id
1135 2049 1305 2131 quidemst

229 2161 342 2244 gratis:
365 2181 436 2225 nam
457 2170 490 2225 et
508 2161 632 2224 domum
657 2173 815 2224 mutuatur
835 2174 865 2224 et
885 2161 1069 2222 auditorium
1091 2161 1212 2221 exstruit
1228 2167 1258 2219 et

229 2264 367 2326 subsellia
387 2263 531 2330 conducit
551 2278 582 2329 et
603 2266 721 2330 libellos
751 2267 902 2350 dispergit
943 2267 984 2326 Et
1005 2275 1045 2329 ¹ul
1072 2263 1258 2326 beatissimus

230 2373 441 2443 recitationem
461 2373 523 2434 eius
536 2384 661 2439 eventus
682 2383 899 2458 prosequatur,
919 2373 1016 2434 omnis
1033 2370 1082 2432 illa
1097 2371 1162 2430 laus
1177 2368 1257 2428 intra

231 2499 327 2538 unum
346 2489 400 2540 aut
419 2476 671 2558 alterum'diem,
710 2477 847 2540 velutin
870 2477 964 2539 herba
991 2477 1040 2538 vel
1069 2476 1145 2544 flore
1170 2496 1258 2558 pras·

230 2595 331 2666 cepta,
353 2583 393 2646 ad
412 2584 528 2646 nullam
547 2595 662 2651 certam
681 2597 711 2648 et
730 2585 859 2648 solidam
879 2587 1019 2667 pervenit
1039 2585 1180 2667 irrigem3
1202 2603 1306 2646 necao

233 2701 286 2750 ant
306 2689 469 2758 amicitiam
489 2689 559 2752 inde
578 2691 669 2754 refert
685 2703 741 2756 ant
760 2690 932 2761 clientelam
953 2703 1008 2756 not
1029 2683 1207 2757 mansurum
1226 2688 1259 2754 in

235 2795 337 2856 animo
359 2796 532 2878 cuiusquam
546 2799 734 2873 beneficium,
756 2800 807 2862 sed
823 2799 985 2868 clamorem
999 2821 1108 2884 vagum
1128 2799 1260 2868 etvoces

130 2945 145 2958 s
228 2905 337 2990 *inanes
359 2910 389 2962 et
411 2902 706 2983 gaudiumvolucre.
747 2905 953 2970 Laudavimus
973 2925 1073 2987 nuper
1094 2913 1130 2966 ut
1151 2903 1261 2964 miram

233 3023 264 3083 et
283 3011 420 3072 eximiam
441 3010 616 3094 Vespasiani
636 3012 857 3092 liberalitatem,
869 3013 952 3097 qnod
971 3013 1137 3096 quingenta
1155 3019 1260 3069 sester-

235 3117 276 3206 tia
302 3117 394 3177 Basso
421 3115 567 3183 donasset.
607 3122 778 3188 Pulchrum
808 3123 841 3184 id
874 3122 1011 3206 quidem,
1045 3117 1261 3204 indulgentiam
1269 3123 1305 3186 αὗ

238 3240 530 3258 Ἤ

236 3309 358 3376 appellat
374 3314 401 3360 et
418 3297 491 3360 inter
508 3307 610 3364 indicia
628 3321 784 3376 enumerat,
813 3312 914 3384 quibus
934 3312 1065 3382 probetur
1083 3307 1220 3374 dialogum
1244 3321 1259 3355 a

237 3400 334 3452 Tacito
351 3419 407 3454 non
425 3404 554 3472 scriptum
575 3420 648 3457 esse:
667 3423 715 3476 ego
734 3405 845 3458 eandem
867 3405 927 3458 dico
939 3419 1091 3475 perversam
1102 3411 1130 3453 et
1150 3415 1260 3468 corrup·

237 3501 301 3544 tem.
336 3495 404 3548 Nam
421 3511 482 3553 cum
491 3499 564 3568 Aper
576 3515 682 3560 omum
700 3501 846 3555 utilitatem
857 3500 1021 3553 carminibus
1032 3497 1181 3569 abiudicqt,
1190 3507 1255 3564 quo-

238 3586 320 3638 modo
352 3589 442 3644 dicere
464 3602 572 3662 potest,
599 3611 654 3646 uon
678 3595 716 3646 ali
741 3595 906 3647 carminibus
932 3593 1084 3647 utilitates?
1116 3592 1174 3644 Hoc
1190 3589 1263 3654 Aper·

240 3681 326 3742 dicit,
344 3685 468 3740 carmina
492 3697 631 3740 atvertus
652 3703 737 3760 neque
762 3686 925 3757 dignitatem
953 3687 1149 3754 (magistratus)
1175 3679 1258 3739 uum

240 3777 400 3830 auctoribus
408 3779 513 3848 afferre
532 3798 617 3854 neque
636 3783 782 3839 utilitatem
802 3783 969 3852 (pecunias),
994 3781 1042 3834 aed
1059 3781 1111 3834 boc
1127 3772 1259 3846 posterius

243 3887 328 3942 neque
345 3871 490 3926 utilitatem
505 3877 654 3930 orationem
673 3877 801 3933 variando
822 3879 944 3930 elocutus
964 3882 1004 3930 ert
1025 3891 1073 3946 per
1090 3885 1177 3941 nequ!
1205 3865 1259 3918 “ii''

238 3965 317 4030 taur
336 3983 381 4022 sos
402 3968 490 4020 clusit.
774 3963 791 4004 Ψ
942 3963 946 3968 ’
