2890 4728
272 371 287 402 l

242 447 303 513 390
647 431 882 500 auricolae

245 624 359 704 Thule,
378 639 470 709 qnam
493 588 638 686 tremus
660 621 711 682 nix
734 629 764 679 et
785 617 881 678 hians
898 613 1075 700 appetenu:
1108 613 1162 676 sed
1182 629 1268 676 nare

243 739 365 818 pigrum
385 745 416 795 et
435 753 530 815 grave
549 727 766 812 remigantibus
788 725 960 808 perbibent.
1000 721 1045 784 lie
1076 724 1173 784 ventis
1199 726 1268 803 qni-
1412 711 1413 716 ’

244 843 313 904 dem
333 840 461 923 perinde
480 831 594 899 attolli:
614 833 728 913 oredo,
748 831 832 914 quod
849 832 981 892 rariores
1001 841 1105 891 terrae
1136 839 1270 888 marites-

242 965 322 1028 que‚
347 965 436 1006 musa
457 964 493 1003 ac
513 941 638 1002 materia
669 946 957 1019 tempestatum‚,et
987 934 1139 1016 probanda
1172 935 1270 997 moles

242 1056 378 1116 continui
395 1052 485 1113 maris
508 1049 625 1111 tardius
646 1045 821 1129 impellitur.
861 1044 1011 1106 Naturam
1030 1045 1145 1104 Oceani
1175 1047 1298 1126 atque5
1414 1070 1415 1134 p

215 1169 342 1220 ‚aestus
362 1177 460 1240 neque
477 1175 625 1237 quaerere
644 1152 734 1213 boios
753 1152 857 1233 operis
879 1161 946 1226 est,
977 1170 1013 1210 uc
1044 1149 1130 1210 molti
1165 1161 1267 1210 rettu-
1414 1135 1415 1150 .

241 1263 315 1325 lere.
357 1262 463 1322 Unum
479 1259 666 1337 addiderim,
687 1276 836 1338 nusquam
869 1255 961 1315 latios
992 1255 1142 1338 dominari
1171 1247 1267 1335 maire,

240 1367 371 1430 multum
390 1369 550 1430 fluminum
570 1367 633 1427 hnc
654 1377 744 1447 atque
765 1363 838 1424 illuc
859 1363 957 1443 ferre,
978 1379 1033 1424 nec
1052 1363 1157 1426 littore
1178 1376 1267 1427 teras

241 1473 413 1536 adcrescere
434 1485 488 1534 aut
508 1473 679 1551 resorberi,
709 1471 762 1532 sed
781 1471 910 1532 inlluere
938 1472 1058 1553 penitus
1081 1481 1175 1554 atque
1199 1495 1267 1534 am-

156 1639 159 1650 ,
238 1575 323 1656 hire,
344 1590 375 1639 st
396 1578 476 1662 iugis
496 1579 586 1638 etiam
608 1598 644 1636 ac
664 1576 817 1637 montibus
836 1577 928 1636 inseri
948 1575 1030 1636 velut
1051 1577 1082 1636 iu
1102 1597 1169 1637 suo.
1279 1607 1319 1652 ω

308 1659 459 1747 'cetemm
480 1677 670 1744 Britanniam
692 1684 745 1764 qui
765 1681 912 1744 mortales
932 1682 1018 1742 initio
1039 1681 1199 1760 noluerint,
1220 1684 1328 1770 in·11

116 1865 120 1885 ι
238 1790 365 1874 digcnae
383 1813 423 1854 an
443 1792 577 1867 advecti,
599 1802 635 1852 ut
655 1794 735 1852 iuter
756 1791 917 1870 barbaros,
939 1786 1051 1873 parum
1070 1801 1267 1872 compertum.

239 1898 371 1960 Habitus
392 1921 553 1982 corporum
568 1899 657 1976 varii,
680 1909 770 1981 atque
791 1921 827 1960 ex
848 1921 884 1960 eo
904 1913 1090 1981 argumenta.
1131 1901 1269 1980 Namque
1380 1897 1384 1904 '

237 2004 345 2064 rutilae
365 2003 561 2067 Caledoniam
579 2005 782 2066 habitantium
802 2025 925 2082 comae,
939 2001 943 2005 ’
956 2007 1056 2085 magni
1086 2015 1168 2067 artus
1188 2007 1268 2066 Ger·

236 2113 387 2172 manicam
407 2111 553 2192 originem
573 2120 758 2172 asseverant.
801 2109 939 2168 Silurum
960 2107 1087 2169 colorati
1121 2107 1220 2171 voltus
1235 2121 1267 2171 et
1280 2131 1316 2193 15

237 2216 312 2276 torti
332 2216 514 2297 plerumque
533 2215 650 2292 crines,
681 2223 713 2274 et
735 2213 835 2296 posita
861 2222 968 2274 contra
988 2212 1132 2294 Hispania
1163 2217 1269 2278 iberos

237 2333 352 2384 veteres
377 2323 531 2383 traiecisse
563 2341 676 2404 easque
706 2320 791 2380 sedes
821 2341 985 2402 occupasse
1016 2319 1108 2381 fidem
1139 2320 1267 2392 faciunt.

236 2426 374 2490 Proximi
396 2428 492 2490 Gallis
511 2439 542 2489 st
562 2428 673 2489 similes
704 2437 792 2504 suut,
824 2448 876 2488 seu
892 2427 1033 2490 'durante
1071 2430 1195 2512 originis
1220 2434 1265 2506 vi,

238 2554 292 2596 seu
313 2533 568 2616 procurrentibus
580 2536 612 2594 in
632 2535 750 2595 diversa
763 2537 855 2594 terris¹
865 2535 974 2614 positio
996 2535 1069 2596 caeli
1089 2537 1267 2620 corporibus

236 2639 375 2702 lubitum
407 2640 502 2703 dedit.
557 2642 592 2701 ln
624 2637 800 2702 uuiversum
829 2652 931 2702 umen
959 2645 1128 2707 aestimanti
1160 2645 1265 2710 Gallos
1274 2685 1314 2727 ,ο
1419 2639 1420 2680 ἶ

328 2905 350 2946 ι.
367 2885 512 2958 appetebat
527 2885 656 2956 antiquae
673 2882 808 2940 editiones
826 2894 855 2940 et
872 2887 926 2954 (Vs
947 2889 1018 2964 ij),
1037 2893 1152 2950 abactae
1170 2897 1267 2948 eonio.

236 2976 440 3065 sthlrcneuus.
459 3007 495 3018 -
512 2992 638 3052 appetere
655 2988 696 3032 est
716 2981 870 3046 imminere,
903 2983 1040 3040 hostiliter
1059 2986 1207 3052 accedere,
1231 2999 1266 3046 ut

235 3075 308 3148 spnd
325 3075 432 3130 Llrtom
449 3072 483 3136 V,
505 3090 545 3144 ¹9·
579 3075 637 3128 lam
655 3091 690 3127 ex
706 3075 772 3128 lucu
790 3076 986 3150 Albanosque
1002 3083 1100 3134 emissa
1118 3085 1150 3135 irs
1170 3101 1265 3156 agros,

239 3169 372 3241 Veiosque
385 3167 450 3238 sista
468 3169 706 3240 appetebant.
741 3171 837 3242 ltaque
854 3173 916 3238 loci,
928 3175 1046 3228 Tacitiui
1063 3175 1132 3229 haec
1148 3190 1263 3234 entsen.

234 3265 340 3318 teatin:
357 3262 471 3318 erbliclst
485 3263 580 3319 warde
598 3264 669 3319 aucis
687 3266 792 3330 nuta,
824 3265 940 3321 welclser
964 3267 1056 3322 hister
1070 3269 1177 3326 'Sclsme
1203 3269 1264 3326 wad
1306 3314 1309 3323 .

237 3355 432 3414 Wmemurm
459 3357 555 3443 (nicht.
572 3359 720 3414 blenscbeu
745 3359 802 3414 uad
825 3362 946 3434 Flotten)
976 3361 1147 3418 bedrolreten.
1183 3366 1261 3434 Quae

234 3460 386 3524 sequuntur
406 3453 455 3508 sed
469 3455 711 3528 mure-perhibent
724 3473 830 3510 cauum
850 3468 1008 3529 exponunt,
1026 3480 1073 3514 cur
1090 3453 1180 3514 classis
1204 3461 1261 3512 Ro-

233 3561 312 3600 rnsun
329 3547 447 3602 Thalem
471 3561 627 3620 quenquam
651 3550 800 3621 dispectum
822 3568 879 3606 nou
895 3557 1049 3624 appetierit.
1082 3556 1179 3610 Statim
1195 3570 1261 3626 per·

234 3636 299 3696 inde
316 3638 394 3694 dedit
410 3641 566 3700 Ernestius:
582 3643 626 3694 ΔΕ
641 3642 767 3716 proinde.

305 3751 347 3790 ro.
365 3748 393 3789 es
412 3736 485 3808 iugis
502 3737 584 3791 esiam
601 3755 635 3792 ac
652 3738 711 3794 Vb:
728 3741 810 3793 etiam
828 3739 902 3810 iugis
919 3753 1001 3812 etque
1019 3741 1073 3795 ΔΕ.

306 3829 348 3884 15.
364 3830 476 3894 vultus,
492 3833 560 3886 torti
575 3830 626 3882 Vb.

305 3923 344 3977 td
363 3925 500 3992 Hispania
517 3926 655 3978 Muretuss
670 3923 837 3994 Hispaniam
854 3925 898 3978 ΔΕ
916 3933 944 3977 et
962 3924 1013 3976 Vb.
1088 3941 1091 3951 ¹

306 4017 345 4076 rs.
362 4019 395 4073 oi
412 4017 569 4076 lllrcnauuss
590 4033 641 4072 usu
658 4018 704 4071 ss
723 4024 752 4068 et
770 4016 822 4072 Vb·

174 4136 228 4184 „l
