2912 4730
212 366 276 434 rsa
428 333 439 392 l
517 412 522 422 .
566 360 859 428 uisronuauu

47 566 72 636 (a
95 563 123 616 C.
140 558 195 632 69)
209 545 255 608 bis
275 543 389 607 tributa
414 541 577 622 dimittere,
597 511 672 604 alios
692 541 933 604 immunitatibus
953 540 1075 621 iurare3
1101 538 1236 624 deniqne

207 649 290 712 nulla
311 654 518 732 inposterum
539 671 611 712 eura
634 650 768 712 lacerare
780 649 952 734 imperium.
996 646 1055 710 Sed
1076 647 1182 732 volgus
1196 649 1236 710 ad

117 813 120 822 .
205 759 443 841 magnitudinem
477 759 693 821 beneficiorum
725 759 855 835 aderat3
889 756 1079 817 stultissimus
1107 755 1237 839 quisque

204 868 341 949 pecuniis
352 865 566 964 mercabatur3
589 865 669 948 apud
685 867 837 948 sapientes
850 885 931 924 cassa
940 861 1141 936 habebantur,
1157 885 1236 944 quae

203 997 302 1057 neque
323 971 390 1036 dari
411 996 508 1056 neque
532 975 627 1057 accipi
650 973 734 1035 salva
761 971 936 1055 republica
956 981 1109 1053 poterant.
1151 971 1233 1030 Tau·
1245 982 1265 1044 5

203 1083 272 1142 dem
294 1079 446 1162 flagitante
469 1082 618 1159 exercitu,
645 1083 698 1162 qui
719 1081 891 1142 Mevaniam
925 1076 1095 1150 insederat,
1125 1097 1235 1178 magno

203 1201 378 1250 senatorum
400 1193 530 1274 agmine,
554 1211 690 1272 quorum
712 1188 823 1250 multos
845 1189 1024 1264 ambitione,
1046 1184 1147 1266 plures
1169 1183 1236 1244 for-

203 1297 317 1358 midine
337 1294 498 1368 trabebat,
521 1296 552 1354 iu
573 1305 672 1354 nestra
693 1295 793 1371 venit,
815 1297 951 1356 iueertus
971 1293 1065 1354 animi
1085 1298 1115 1350 et
1136 1287 1189 1347 inii
1212 1287 1236 1350 is

204 1398 334 1462 consiliis
362 1399 517 1460 obnoxius.
559 1397 763 1458 Coneiouauti
794 1397 1014 1478 (prodigiosum
1045 1393 1146 1479 dictu)
1168 1390 1303 1472 tan-56

203 1519 270 1569 tum
290 1505 446 1567 foedarum
470 1501 631 1566 volucrum
654 1504 891 1585 supervolitavit
910 1514 946 1564 ut
969 1504 1051 1567 nube
1067 1515 1134 1564 atra
1155 1502 1236 1564 diem
1251 1531 1285 1584 ¹0

204 1613 414 1675 obtenderent.
463 1611 595 1672 Accessit
628 1609 731 1672 dirum
763 1630 877 1688 omen,
907 1609 1058 1692 profugus
1090 1609 1236 1677 altaribus

112 1753 119 1776 t
204 1731 312 1780 taurus
335 1717 459 1779 disiecto
482 1717 622 1778 sacrificii
658 1727 823 1802 apparatu,
856 1716 964 1798 lunge,
999 1735 1056 1778 nec
1077 1718 1130 1780 ubi
1150 1718 1238 1780 feriri

203 1825 318 1886 hostias
342 1848 407 1888 mos
429 1837 486 1906 est,
508 1829 672 1890 confossus.
714 1827 775 1890 Sed
795 1829 989 1910 praecipuum
1012 1831 1074 1909 ipse
1094 1827 1238 1890 Vitellius

205 1940 357 1991 ostentum
378 1943 462 2011 erat,
484 1936 606 2015 ignarus
628 1933 777 2014 militiae,
799 1933 986 2016 improvidus
1006 1933 1143 2010 oonsilii;
1169 1938 1238 2018 quis

191 2039 285 2113 ¹ordo
306 2040 446 2122 agminis,
468 2063 546 2123 quae
565 2063 640 2104 eura
663 2041 849 2124 explorandi,
871 2053 1004 2126 quantus
1024 2042 1159 2124 urgendo
1174 2055 1236 2106 tra·
1251 2049 1286 2112 15

204 2148 344 2211 bendovo
365 2147 446 2211 bello
464 2149 597 2229 modus,
619 2149 696 2212 alios
716 2152 868 2234 rogitans,
890 2161 921 2210 et
941 2150 980 2212 ad
1000 2153 1097 2211 omnis
1117 2151 1237 2214 nuntios

114 2315 117 2318 .
205 2258 290 2319 voltu
310 2270 480 2341 quoquest
500 2260 618 2322 incessu
654 2262 812 2343 trepidus,
842 2260 912 2320 dein
940 2261 1130 2323 temulentus.
1172 2257 1236 2319 Po-

205 2377 318 2427 stremo
351 2365 449 2424 taedio
478 2375 647 2428 castrorum
674 2376 703 2426 et
736 2366 839 2426 audita
870 2363 1037 2426 defectione
1061 2364 1237 2448 Misenensis

207 2473 309 2548 elassis
328 2471 455 2531 Romam
474 2475 610 2548 revertit,
631 2477 871 2534 recentissimum
891 2469 1034 2552 quodque
1056 2468 1164 2532 volnus
1181 2491 1236 2550 pa·

207 2599 300 2656 vens,
324 2583 433 2640 summi
457 2579 638 2640 discriminis
659 2580 835 2645 incuriosus.
877 2575 955 2640 Nam
976 2599 1046 2640 eum
1069 2576 1237 2658 transgredi
1246 2604 1285 2646 20

208 2665 403 2770 Apenninum
437 2687 555 2767 integro
583 2687 731 2748 exereitus
755 2685 803 2747 sni
827 2685 938 2746 robore
963 2697 993 2746 et
1021 2687 1113 2748 fessos
1139 2684 1238 2746 hieme

209 2801 301 2872 atque
322 2790 422 2870 inopia
444 2789 543 2851 hostes
562 2791 686 2872 adgredi
706 2795 737 2850 iu
757 2802 863 2872 aperto
887 2789 977 2869 foret,
1003 2791 1076 2853 dum
1096 2793 1238 2874 dispergit

111 2947 116 2952 .
208 2901 308 2975 vires,
331 2897 513 2958 acerrimum
532 2895 658 2962 militem
677 2908 707 2958 et
726 2892 822 2980 usque
844 2896 875 2958 lu
897 2907 1033 2964 eatrenra
1053 2899 1239 2960 obstinatum

59 4057 64 4070 ’
140 4065 160 4100 0

209 3003 423 3066 trucidandum
435 2994 680 3087 ‘capiendumque
700 3003 853 3081 tradidit,
875 3008 1064 3088 peritissimis
1086 3007 1238 3068 centurio·

211 3131 285 3172 uum
313 3112 556 3174 dissentientibus
583 3123 631 3190 et,
663 3113 687 3171 si
721 3113 970 3192 eonsulerentur,
1001 3137 1073 3176 vera
1103 3113 1238 3175 dicturis.
1248 3129 1288 3190 25

210 3221 347 3281 Areuere
369 3241 420 3282 eos
441 3220 538 3281 intimi
558 3221 726 3282 amicorum
749 3221 884 3302 Vitellii,
914 3225 955 3284 ita
985 3223 1122 3283 formatis
1151 3222 1239 3302 prin.

212 3327 287 3407 cipis
304 3327 435 3405 auribus,
451 3339 490 3395 ¹ut
509 3349 619 3410 aspera
640 3349 717 3412 quae
736 3331 834 3429 utilia,
857 3353 913 3393 nec
936 3331 1099 3413 quicquam
1119 3330 1175 3388 uisi
1191 3330 1239 3388 iu-

212 3435 347 3496 cundum
368 3448 398 3500 et
417 3437 570 3500 laesurum
587 3441 749 3520 acciperet.

296 3543 357 3602 Sed
377 3544 501 3606 classem
529 3547 727 3609 Misenensem
756 3551 886 3627 (tantum
914 3544 1055 3608 civilibus
1086 3546 1305 3638 discordiis57

217 3660 483 3684 m

301 3714 325 3764 3.
347 3713 455 3788 aderat]
474 3716 515 3768 ΜΕ
533 3717 657 3774 haberat.

274 3823 327 3861 aa.
347 3823 397 3861 nee
417 3809 464 3860 nbi
483 3811 607 3882 Lipsius:
627 3833 677 3868 nee
695 3817 726 3868 vi
743 3813 795 3866 Ma.

289 3903 327 3968 ri.
346 3904 471 3956 consiliis
491 3907 582 3973 BMl,
601 3917 628 3962 et
646 3926 686 3962 oo.
704 3911 811 3962 summis
831 3907 884 3965 Ma.

286 3996 327 4048 od.
346 4014 459 4050 arcuere
479 4000 602 4070 Lipsius:
621 4001 727 4054 codices
745 4020 868 4074 urguere.
