2912 4730
169 446 174 456 1
226 367 286 430 sss
441 367 446 388 “
531 363 886 463 ‘urssoarlanu
958 321 961 326 ¹

62 605 92 676 (ι
110 597 143 660 C·
154 590 212 666 ⁶92)

224 549 453 629 exspectarique
484 545 663 611 Mucianum
697 545 842 626 iubebat,
879 539 1103 627 adiiciebatqn'e
1142 539 1272 622 imperio

217 651 398 729 sensilium,
420 651 548 736 'qimado
568 655 739 736 Aegyptus,
760 652 894 714 claustra
915 671 1079 730 annonae,
1111 647 1273 730 vectigalia

219 758 524 843 opulentissimarum
544 762 774 847 provinoiarum
798 763 1032 840 obtinerentur,
1055 780 1144 844 posse
1154 755 1273 820 Vitellii

216 869 390 930 exerdtuna
423 880 556 953 egestate
586 871 732 956 stipendii
767 871 978 955 frumentique
1012 869 1053 932 ad
1084 861 1272 930 deditionem

217 973 334 1058 subigi.
374 974 491 1037 Eadem
511 976 674 1040 Munianus
708 977 826 1040 crebris
856 976 993 1059 epistolis
1022 975 1191 1055 monebat,
1223 977 1302 1044 ιιι-5

219 1092 384 1146 cruentam
400 1087 518 1148 arsiae
536 1084 627 1150 luetu
648 1087 809 1150 vintoniam
829 1097 863 1148 et
871 1085 938 1158 ¹alia
948 1084 1160 1148 huiuscemodi
1182 1105 1273 1167 prae-

127 1246 129 1250 .
220 1191 371 1272 ¹⁰¹⁶⁰d02
401 1192 455 1256 *ed
477 1195 591 1279 glnr'me
617 1195 729 1258 avidus
754 1207 851 1279 aulon
882 1217 973 1258 omne
986 1193 1072 1256 ·belli
1098 1193 1192 1256 decos
1213 1192 1272 1254 sibi

103 1385 106 1394 ῃ
184 1347 187 1354 .
220 1300 370 1362 retinens.
412 1298 557 1360 Ceterum
576 1319 613 1360 ex
632 1299 817 1390 distantibus
839 1313 992 1366 terrarum
1017 1301 1123 1382 spatiis
1144 1296 1269 1360 consilia

216 1413 293 1488 post
311 1425 360 1464 res
380 1401 599 1466 afferebantur.
640 1405 738 1487 Igitur
765 1409 927 1487 repentino
964 1409 1088 1471 incursu
1119 1401 1306 1482 Antonius9

223 1511 371 1574 stationes
398 1510 533 1605 hostium
552 1512 688 1594 irrupit,
710 1515 899 1596 tentatisque
929 1514 992 1576 levi
1018 1516 1138 1596 praelio
1164 1515 1271 1578 animis
1284 1535 1320 1575 ro

214 1638 375 1702 exaequo
393 1620 571 1688 diseassmr.
612 1622 688 1684 Mor
708 1623 841 1684 Caecina
863 1622 949 1684 inter
973 1621 1148 1702 Hostiliam,
1169 1623 1271 1684 virum

221 1727 460 1809 veronensium,
482 1741 514 1792 et
533 1728 662 1814 paludes
678 1729 805 1815 Tartari
827 1728 963 1790 fluminis
977 1738 1076 1790 eastra
1092 1731 1271 1812 permuniit,

221 1845 307 1900 tutus
328 1837 406 1915 loon,
429 1858 502 1903 eum
524 1848 612 1921 terga
634 1835 772 1916 flumine,
794 1835 891 1903 latera
912 1837 1038 1898 obiectu
1058 1835 1178 1918 paludis
1189 1848 1274 1919 tege·

221 1953 343 2005 rentur.
386 1942 508 2024 Quodsi
530 1941 664 2006 affuisset
684 1943 781 2016 lides,
812 1952 867 2004 out
887 1943 1022 2024 opprimi„
1042 1946 1193 2008 universis
1213 1948 1269 2010 Vi-

221 2048 419 2116 tellianorum
441 2054 561 2120 viribus
581 2053 661 2116 dnae
683 2053 834 2136 legiones,
857 2051 994 2114 nondum
1006 2053 1267 2138 ooniuoetoMoe.
1285 2055 1320 2118 15

222 2163 288 2226 sino
308 2167 461 2240 exereitn,
483 2173 631 2246 potuere,
650 2172 705 2229 aut
725 2170 811 2224 retro
831 2172 917 2230 actae
937 2161 1057 2223 deserta
1085 2161 1172 2224 ltalia
1200 2174 1269 2224 tur.

222 2290 293 2353 pem
315 2251 418 2353 fugam
437 2271 672 2337 ooaaeivissaut.
714 2270 775 2334 Sed
796 2272 929 2334 Caecina
950 2293 1007 2354 per
1039 2272 1140 2332 varias
1168 2291 1270 2333 moras
1319 2306 1321 2308 ·

222 2381 324 2462 prima
342 2377 480 2441 hostibus
501 2371 643 2460 prodidit
673 2386 816 2458 tempora
848 2376 938 2454 belli,
972 2377 1045 2438 dum
1074 2397 1152 2458 quos
1169 2379 1270 2448 ‚armis

226 2484 341 2566 pellere
363 2496 538 2568 promptum
560 2495 644 2564 erat,
665 2483 800 2567 epistolis
822 2485 978 2566 increpat,
998 2485 1095 2546 donee
1115 2505 1170 2568 per
1190 2509 1269 2548 nuu-

224 2593 283 2654 tios
300 2603 388 2675 pacta
410 2591 555 2673 perfidiae
575 2593 719 2656 firmaret
763 2593 891 2654 Interim
924 2591 1064 2673 Aponius
1085 2591 1268 2658 Saturninus
1280 2629 1319 2668 20

225 2719 297 2760 enm
317 2699 435 2780 legione
456 2703 585 2782 septima
608 2702 776 2793 Claudiana
794 2701 926 2760 advenit.
968 2701 1096 2785 Legiooi
1126 2706 1268 2770 tribunus

225 2807 395 2890 Vipstanus
428 2810 558 2873 Messala
584 2820 743 2894 praeerat,
780 2808 873 2875 claris
909 2811 1094 2892 maioribus,
1131 2818 1270 2898 egregius

224 2917 300 3002 ipse,
321 2917 425 3000 etqui
445 2915 526 2978 solus
551 2915 591 2977 ad
612 2917 645 2978 id
665 2915 779 2976 bellum
802 2924 882 2976 artes
898 2917 994 2980 bonas
1015 2919 1174 2987 attulisset.
1208 2921 1270 2982 Has

152 3112 158 3122 ι
227 3021 267 3084 ad
285 3023 390 3106 copias
413 3044 609 3112 nequaquam
630 3020 804 3084 Vitellianis
823 3045 913 3105 pares
932 3025 1061 3110 (quippe
1083 3035 1146 3092 tres
1167 3030 1269 3092 adhuc

103 3213 107 3225 ,
225 3131 360 3213 legiones
379 3135 476 3210 erant)
498 3133 581 3194 misit
607 3132 749 3214 epistolas
769 3133 920 3216 Caecina,
950 3138 1155 3199 temeritatem
1186 3139 1268 3198 victa
1281 3134 1321 3197 25

225 3259 314 3300 arma
332 3240 531 3302 tractantium
553 3239 707 3302 incusans.
747 3241 844 3304 Simul
865 3244 965 3306 virtus
985 3243 1161 3306 Germanioi
1182 3266 1271 3324 erer-

226 3348 306 3411 oitus
320 3347 459 3410 laudibus
482 3347 698 3427 attollebatur,
717 3348 835 3412 Vitellii
857 3351 977 3412 modica
996 3363 1026 3414 et
1044 3349 1163 3433 volgari
1180 3371 1270 3429 ment

226 3454 310 3516 tione
317 3503 328 3535 ,
361 3454 447 3517 nulla
473 3443 759 3539 in'Vespasiannm
783 3461 994 3524 contumelia:
1029 3459 1107 3520 nihil
1139 3475 1271 3540 prorsus

227 3561 310 3643 qnod
330 3574 383 3622 aut
408 3573 622 3646 corrumperet
642 3563 763 3626 bostem
784 3575 839 3626 aut
863 3575 1007 3636 terreret.
1050 3566 1076 3625 F
1078 3563 1269 3626 lavianarum

227 3666 360 3750 partium
379 3667 489 3748 duces,
521 3653 631 3732 omissa
661 3671 772 3753 prioris
807 3671 954 3734 fortunae
988 3671 1183 3752 detersione,
1210 3683 1325 3756 pr030

147 3846 150 3856 Ι
227 3773 416 3854 Vespasiano
439 3771 692 3864 magnifice‚¹pro
715 3802 806 3844 eausa
829 3779 974 3857 fidenter,
1008 3779 1046 3842 de
1067 3780 1201 3843 exercitu
1222 3801 1270 3840 se-

223 3887 512 3908 mana-Q

303 3947 341 3982 ιι.
359 3930 476 3986 hostiam
496 3935 555 3998 Ma,
573 3945 601 3990 et
621 3953 683 3990 mox
702 3937 823 3999 sartori,
842 3939 1040 3990 noorai-tari.

299 4039 341 4080 22.
362 4028 510 4099 l'ipstanus
528 4036 663 4104 liupertus
681 4039 710 4086 et
726 4033 766 4086 G:
785 4029 862 4082 lllla
882 4006 1027 4103 Vipsanas.
