2912 4730
558 397 633 462 LIB.
651 397 707 460 lll.
730 399 814 462 CAP.
838 399 975 466 31-35.
1201 399 1258 462 155

144 585 146 592 '
235 578 360 647 bebant.
402 580 465 644 Ubi
486 580 592 644 adulta
613 581 703 666 virgo
726 592 780 644 aut
800 581 867 662 quis
889 579 987 641 forma
1011 577 1190 659 conspicuus
1211 577 1300 652 in.·(a
1314 579 1342 632 C·
1360 580 1416 648 69.)

137 706 140 713 ’
236 687 362 762 uidisset,
387 690 416 748 vi
436 690 637 773 manibusque
655 655 837 772 mpientidm
857 685 990 750 divolsus
1013 687 1091 768 ipsus
1111 696 1262 770 postremo

237 793 404 874 direptores
424 797 456 856 in
477 807 615 873 mutuam
641 797 806 879 perniciem
830 793 949 876 agebat.
992 795 1075 854 Dum
1103 793 1262 873 pecuniam

236 899 285 962 vel
314 903 418 982 gravia
449 924 526 968 auro
563 905 750 987 templorum
783 902 862 964 dona
894 901 950 963 sibi
979 904 1106 983 quisque
1126 900 1273 972 trabunt,-

166 1024 173 1088 ζ
206 1008 349 1076 5muiore
370 1009 498 1072 allorum
520 1011 552 1072 vi
571 1011 807 1070 truncabantur.
848 1007 980 1086 Quidum
999 1009 1090 1070 obvia
1113 1009 1265 1088 aspernati
1315 1069 1316 1078 ,

235 1115 413 1176 verberibus
434 1117 658 1197 tormentisque
680 1113 874 1176 dominorum
905 1113 1009 1174 abdita
1029 1117 1177 1193 serutari,
1210 1113 1264 1176 de.

236 1217 317 1286 fosse
337 1244 454 1289 eruere.
494 1223 593 1288 Faces
614 1225 646 1284 in
668 1221 819 1300 manibus,
842 1240 928 1305 quas,
951 1222 1004 1284 ubi
1025 1223 1168 1306 praedam
1182 1241 1265 1304 eges-

153 1309 156 1313 ¹
236 1341 360 1408 serant,
394 1333 426 1392 in
456 1349 567 1392 vacuus
600 1329 704 1390 domus
724 1337 757 1389 et
775 1329 878 1389 inania
898 1328 1009 1410 templa
1030 1307 1082 1410 per
1098 1325 1265 1390 'lasciviam

236 1437 465 1516 iaculabantur3
496 1447 587 1516 utque
607 1435 739 1496 exercitu
768 1437 856 1496 vario
888 1433 1000 1518 linguis
1027 1436 1180 1514 moribus,
1214 1438 1266 1498 cui

188 1547 315 1610 rocives
333 1545 406 1605 socii
424 1545 539 1605 externi
559 1545 753 1620 interessent,
773 1541 910 1605 diversae
932 1539 1090 1624 cupidines
1122 1552 1153 1603 et
1182 1541 1265 1604 aliud

233 1654 343 1734 cuique
364 1650 410 1714 fas
430 1671 488 1714 uec
509 1653 672 1734 quicquam
694 1649 846 1716 illicitam.
886 1651 948 1712 Per
972 1649 1171 1736 quatriduum
1189 1649 1264 1712 Cre·

235 1779 327 1820 mona
346 1756 475 1824 suffecit.
518 1759 595 1820 Cum
616 1759 720 1820 omnia
741 1779 827 1822 sacra
843 1739 1033 1841 profanaque
1053 1759 1085 1819 in
1107 1760 1264 1842 ignecon·

235 1863 384 1941 siderent,
415 1864 514 1928 solum
532 1863 645 1926 Mefitis
666 1861 814 1944 ternplum
835 1865 916 1925 stetit
935 1873 1008 1926 ante
1029 1865 1171 1943 moenia,
1192 1863 1263 1926 loco

140 1980 143 1986 “
171 1962 286 2045 3l4seu
307 1973 430 2034 numine
450 1972 617 2034 defensum.
664 1970 724 2032 Hic
746 1972 845 2034 exitus
865 1969 1032 2034 Cremonae
1055 1967 1264 2034 annoducen.

188 2080 341 2144 ritasimo
364 2081 549 2158 octogesimo
578 2085 662 2136 sexto
693 2095 711 2136 a
743 2073 909 2158 primordio
939 2076 999 2136 sni.
1042 2075 1172 2136 &ndito
1202 2088 1266 2138 erat

236 2183 360 2245 Tiberio
379 2183 557 2264 Sempronio
589 2178 786 2242 ert-Cornelio
816 2175 1006 2255 consulibus,
1037 2176 1200 2260 ingruente
1230 2185 1263 2244 in

145 2261 151 2272 Ι
237 2286 360 2352 ltaliam
380 2283 567 2358 Hannibale,
598 2285 868 2366 propugnaculum
888 2283 1029 2346 adversus
1052 2285 1154 2348 Gallos
1181 2299 1264 2352 trans

8 2357 22 2494 l
237 2393 357 2460 Padum
378 2398 518 2474 agentes,
539 2397 568 2448 et
587 2389 613 2448 si
632 2408 696 2470 qua
713 2384 771 2448 alia
791 2388 837 2448 vis
856 2407 911 2470 per
932 2388 1024 2470 Alpes
1047 2401 1161 2467 rueret.
1202 2397 1263 2477 tgi.

35 2481 43 2490 ἱ
237 2515 290 2566 tur
310 2518 440 2562 numero
475 2494 671 2571 colonorum,
705 2496 933 2579 opportunitate
955 2496 1141 2576 ‘fluminum
1173 2502 1265 2568 ubere

192 2610 321 2694 magri,
354 2608 471 2683 adnexu
502 2603 723 2688 coenobiisque
751 2606 887 2688 gentium
922 2605 1071 2682 adolevit
1088 2609 1262 2696 floruitque,
1366 2595 1370 2619 ¹

236 2717 320 2782 bellis
341 2715 469 2778 externis
488 2716 626 2794 intacta,
648 2711 789 2778 civilibus
807 2713 919 2778 infelix·
961 2716 1114 2782 Antonius
1146 2723 1263 2802 pudore

238 2826 362 2908 flagitii,
387 2823 579 2887 crebescente
600 2822 739 2901 invidie,
769 2821 860 2885 edixit
877 2845 917 2888 ne
945 2828 1013 2908 quis
1034 2803 1277 2890 Cremonensem.

227 2933 391 3014 ,captivum
411 2931 573 2992 detineret.
614 2919 795 3014 lrritamque
817 2933 961 3013 praedam
982 2934 1129 2996 militibus
1156 2935 1263 2998 effece-

171 3109 174 3113 .
241 3049 460 3100 rat-consensus
480 3035 596 3116 ltaliae,
619 3037 800 3118 emptionem
813 3036 919 3108 talium
931 3039 1152 3122 mancipiorum
1163 3045 1275 3124 asper·-¹

191 3147 351 3216 25nautis.
394 3145 502 3206 Occidi
522 3165 663 3227 coepere.
705 3145 796 3223 Quod
816 3146 870 3208 ubi
892 3147 1024 3225 enotuit,
1047 3169 1072 3208 a
1086 3150 1264 3232 propinquis

241 3252 441 3336 affinibusque
459 3253 577 3324 occulte
605 3252 881 3334 redemptabantur.
924 3255 994 3316 Mox
1028 3241 1123 3316 rediit
1142 3257 1265 3320 Cremo·

243 3381 312 3422 narn
334 3359 468 3442 reliquus
497 3358 637 3441 populus.
678 3361 818 3443 Reposito
847 3363 922 3424 fora
944 3361 1115 3445 templaque
1146 3367 1263 3427 munili-
1351 3375 1355 3384 '

126 3494 129 3502 ¹
180 3457 351 3536 35centia
367 3470 569 3550 municipum
596 3477 626 3529 et
657 3467 859 3550 Vespasianus
886 3471 1078 3534 hortabatur.
1122 3472 1263 3534 Ceterum

243 3573 374 3636 assidere
395 3575 532 3657 sepultae
551 3572 635 3644 urbis
656 3577 749 3636 ruinis
770 3577 857 3636 noxia
876 3577 946 3638 tabo
969 3577 1079 3638 humus
1099 3578 1180 3642 baud
1211 3581 1263 3642 diu

196 3683 385 3765 5opermisit.
427 3679 481 3742 Ad
498 3681 619 3742 tertium
638 3681 766 3764 lapidem
784 3683 933 3775 progressi
952 3703 1043 3766 vique
1063 3699 1264 3769 paventesque

249 3843 385 3859 ana-pum·-
411 3847 511 3870 ..n-...¹

270 3947 274 3952 '
319 3967 355 4001 ιι,
374 3945 634 4026 ntt'quadrtduom,
655 3963 681 4006 et
701 3957 738 4023 ¹4·
763 3957 935 4023 Cremonam,
964 3967 990 4013 et
1011 3977 1071 4014 mox
1095 3961 1130 4014 15.
1154 3917 1212 4010 s'uol

747 4059 748 4062 ,
1093 4041 1097 4046 ”
1181 4044 1205 4070 tle
