2890 4728
219 399 300 498 'tot
642 415 889 484 cannatina

125 631 130 642 ·
208 609 304 687 ,niae
324 615 442 688 parta
462 601 619 678 obtinent,
639 601 768 682 propriis
800 599 901 660 adhuc
930 594 1106 658 nationibus
1130 593 1260 654 nomini·

233 717 352 797 busque
371 711 515 788 discreti,
533 731 705 793 quanquam
736 711 768 768 iu
790 725 952 768 commuue
977 703 1071 766 Saevi
1102 714 1259 762 vocentur.

233 823 353 904 Insigne
371 823 468 903 gentle
488 818 646 901 obliquare
665 819 780 878 crinem
799 815 943 897 nodoque
963 813 1178 893 substringere.
1212 811 1263 870 Sic

231 928 327 992 Saevi
346 947 366 989 a
386 926 495 988 ceteris
518 927 694 998 Germanis,
716 923 759 983 sie
778 921 947 982 Sacrorum
971 917 1095 1000 ingenui
1116 938 1134 976 s
1165 877 1273 977 serviti

232 1046 422 1121 separantur.
464 1037 498 1096 In
518 1033 582 1094 aliis
603 1032 760 1114 gentibus,
784 1051 839 1091 seu
859 1028 1039 1110 cognatione
1060 1025 1161 1106 aliqua
1181 1025 1297 1096 Sne-5

234 1168 344 1207 aarum
357 1163 433 1220 teu,
452 1143 533 1225 quod
557 1163 646 1223 saepe
668 1139 789 1218 weidit,
809 1139 988 1210 imitatione,
1007 1155 1111 1193 rarum
1131 1143 1162 1191 et
1183 1131 1266 1190 intra

234 1251 377 1313 inventae
399 1251 548 1332 spatium:
570 1249 654 1330 apud
674 1247 898 1327 Suevosueque
916 1242 957 1304 ad
976 1241 1117 1302 canitiem
1137 1238 1265 1298 barreta-

235 1369 298 1418 teat
316 1357 457 1438 capillum
481 1356 588 1432 [retro]
610 1362 795 1434 sequuntur,
829 1371 868 1410 ao
887 1369 976 1431 saepe
992 1350 1025 1408 iu
1054 1349 1121 1428 ipao
1150 1348 1266 1408 vertice

235 1463 376 1546 religant.
418 1461 577 1541 Principes
596 1467 628 1518 et
648 1457 832 1517 ornatiorem
861 1453 987 1515 habeat.
1026 1451 1072 1514 Ea
1099 1473 1171 1512 eura
1198 1453 1265 1512 sor·
1436 1462 1437 1544 p

238 1591 322 1646 mae,
341 1568 393 1630 sed
410 1569 552 1629 innoxia:
575 1588 673 1648 neque
693 1568 776 1626 enirn
790 1573 828 1626 ut
848 1574 951 1624 ament
968 1573 1154 1638 amentnrae,
1171 1562 1203 1618 in
1217 1559 1264 1620 al·
1280 1581 1321 1620 to
1436 1547 1437 1616 i

234 1677 397 1740 titudinem
419 1676 571 1760 quandam
589 1687 620 1737 et
637 1685 787 1736 terrorem
808 1673 920 1737 adituri
948 1671 1048 1753 bella,
1083 1670 1196 1751 compti
1226 1678 1266 1729 ut

321 1959 541 2032 calagana.
649 2011 652 2020 ,
735 2005 739 2012 ,
814 1945 819 1956 ’

324 2069 349 2120 7,
366 2051 520 2106 horrentem
549 2053 679 2124 capillum
706 2063 781 2105 retro
804 2047 969 2122 requeratur]
998 2047 1040 2100 Ab
1069 2047 1266 2116 interpolatore

236 2157 309 2200 retra
326 2147 450 2198 additum
468 2145 502 2196 ab
519 2161 609 2215 eoque
628 2161 663 2198 ex
680 2145 865 2216 subsequente
876 2145 997 2215 religant
1008 2143 1117 2196 dcimam
1129 2143 1265 2198 existimo.

235 2237 302 2290 ttsn
320 2239 344 2291 ri
362 2247 487 2293 tenemus
506 2253 598 2303 retra,
619 2239 649 2292 id
667 2243 815 2294 referamos
833 2239 995 2292 adverbum
1013 2251 1182 2309 sequuntur,
1206 2255 1266 2292 non

233 2334 271 2386 ad
289 2334 460 2400 horrentem,
488 2335 633 2390 verboram
657 2337 803 2390 collocatio
830 2335 963 2408 requirit,
993 2351 1048 2406 qao
1071 2335 1145 2402 iacto
1169 2331 1265 2402 inepta

235 2429 352 2501 emergit
369 2434 513 2486 naualia.
549 2435 579 2487 Si
597 2432 710 2486 Tacitus
727 2445 803 2488 rutro
823 2432 943 2484 dedisset
954 2430 1039 2502 idque
1056 2431 1090 2482 sd
1110 2430 1265 2483 torrentem

235 2527 373 2596 pertinere
390 2528 535 2590 voluisset,
554 2533 602 2578 ant
618 2530 749 2598 capillum
767 2541 841 2582 retra
863 2526 1019 2582 ltnrmtnm
1045 2533 1093 2586 aut
1107 2525 1277 2581 horrentem·

235 2633 311 2674 retro
329 2621 459 2690 capillum
478 2619 624 2690 posuisset.
661 2619 773 2672 Accedit
789 2618 874 2672 alind.
909 2619 1030 2687 Capillus
1048 2625 1119 2670 retro
1148 2635 1263 2673 couver-

235 2728 282 2764 sas
298 2712 425 2782 nodoque
444 2721 589 2764 retrorsum
609 2715 770 2766 coutttietas
796 2727 852 2764 non
877 2713 972 2772 lamet
997 2713 1045 2764 sed
1067 2714 1159 2776 iacet,
1184 2721 1215 2764 ut
1232 2715 1265 2765 in

236 2803 345 2856 seminia
362 2805 463 2856 nostrie
481 2820 560 2873 saepe
577 2806 710 2864 videmus.
745 2805 871 2858 Tacitum
894 2823 957 2860 vero
974 2826 1031 2861 non
1055 2809 1138 2862 talem
1159 2805 1266 2858 suevo·

236 2911 297 2950 tum
321 2895 450 2966 capillum
476 2895 617 2966 designare
634 2899 753 2950 voluisse
769 2877 812 2950 ¹ex
840 2901 1066 2954 antecedentibus
1089 2901 1147 2952 eins
1169 2897 1264 2950 verbis

235 2989 397 3063 (obliquare
414 2992 516 3048 crinem
534 2991 659 3068 nodoque
676 2995 872 3066 substringere)
892 3003 1013 3065 apparet.
1049 2994 1198 3050 Walchias
1210 3009 1264 3046 aa·

235 3088 331 3138 dacem
349 3087 479 3158 scaligeri
499 3091 681 3143 coniecturam
699 3103 875 3164 tetroseqmta
891 3108 940 3160 pro
959 3103 1035 3145 retra
1054 3103 1206 3163 sequuntur
1220 3105 1264 3142 re·

233 3183 327 3251 cepit,
344 3193 426 3254 quara
444 3183 583 3237 tudam
605 3183 688 3251 magis
705 3184 874 3254 probandam
893 3185 1039 3246 existimo,
1061 3201 1143 3253 quam
1161 3183 1188 3239 si
1213 3184 1263 3253 qui

235 3275 373 3345 aulgttam
388 3291 447 3332 anu
464 3285 618 3348 corruptam
637 3293 694 3331 aste
715 3270 856 3336 affirmaui-
882 3307 918 3320 -·-
942 3275 1025 3333 Panlo
1050 3286 1114 3346 post
1146 3279 1178 3334 in
1201 3279 1260 3350 ipso

237 3371 341 3424 vertice
358 3369 384 3422 V
402 3369 481 3441 2964,
496 3370 530 3424 t'a
547 3373 607 3426 tato
625 3372 730 3426 vertice
750 3371 776 3424 V
797 3371 880 3434 asca,
906 3371 1034 3447 plerique
1059 3371 1090 3422 tn
1116 3371 1176 3440 ipso
1203 3371 1262 3422 sala

237 3465 350 3519 vertice.
385 3462 493 3517 Deinde
513 3467 635 3536 religant
653 3467 693 3522 H:
710 3463 885 3538 religatarV
901 3467 970 3534 2964
987 3472 1015 3516 et
1033 3465 1057 3516 V
1079 3467 1155 3527 1862,
1172 3466 1264 3536 ligant

238 3555 260 3604 V
283 3557 348 3611 151⁸
377 3567 408 3612 et
433 3561 459 3614 V
477 3559 552 3629 4498.
590 3561 723 3632 liquidem
753 3565 844 3634 ligant
869 3576 901 3613 ex
927 3549 1047 3634 religant
1075 3560 1175 3614 lactum
1203 3575 1262 3610 esse

238 3659 314 3720 pato,
333 3661 475 3724 postquam
499 3669 574 3709 retro
592 3657 722 3708 insertam
746 3653 810 3716 suit,
829 3671 864 3706 ae
883 3653 1019 3708 diceretur
1038 3668 1111 3710 retra
1131 3655 1262 3727 religant.

237 3789 254 3815 0
310 3763 350 3800 so.
368 3749 484 3803 innoxia
501 3751 639 3804 Maremsz
658 3751 763 3804 codices
783 3753 923 3805 innoxiae.

310 3855 350 3894 ιι.
366 3840 454 3913 Vulgo
472 3844 643 3915 distinguunt
662 3844 769 3899 adituri
785 3846 858 3900 bella
874 3846 989 3916 compti,
1014 3851 1045 3898 ut
1061 3845 1178 3899 laertium
1195 3858 1262 3896 acn-

239 3937 294 3999 tt't,
320 3947 469 4003 ornanum,
492 3946 524 3990 at
539 3947 603 4008 post
619 3944 718 4012 compti
733 3939 848 3998 nahum
865 3952 1006 3994 mittar
1029 3932 1156 4010 languide
1181 3949 1261 3989 acce-

240 4031 292 4086 dat.
309 4031 407 4105 compti
428 4043 461 4089 ιιι
488 4032 605 4090 hostiurn
624 4039 771 4092 amanen
784 4037 825 4088 tta
853 4037 953 4106 ecmptt
973 4043 1004 4088 ut
1027 4029 1146 4091 hordain
1170 4031 1260 4086 acciit
