2890 4728
222 437 291 503 atu
468 373 495 404 ’“
590 417 827 495 tunicatae

221 633 310 696 quan
331 621 362 674 ct
381 608 536 693 provincia
554 607 639 673 dives
657 628 693 669 ac
707 617 817 690 paratu
839 604 1043 688 peccantibus,
1063 615 1097 667 et
1117 625 1245 688 pmcon·

175 771 179 780 ,
219 716 267 780 sul
289 719 319 780 io
339 737 460 780 omnem
481 715 656 780 aviditatem
675 735 789 798 pannus
810 712 1000 799 quantalibet
1021 711 1169 776 facilitate
1194 735 1243 776 re·

219 823 399 906 dempturus
426 835 503 888 esset
532 837 668 886 mutuam
698 821 967 884 dissimulationem
994 821 1074 884 mali.
1129 826 1276 886 Auotus

168 972 170 978 ·
218 939 264 989 est
284 929 326 990 ibi
343 927 424 1008 iilia,
444 931 476 990 in
499 927 664 990 subsidium
686 939 716 990 et
737 926 874 990 solatium
895 925 1005 990 simul.
1044 937 1115 988 narn
1148 925 1245 990 filium

219 1045 288 1098 ante
308 1035 460 1098 sublatum
482 1036 569 1100 brevi
591 1037 699 1100 amisit.
908 1097 911 1100 ,
1251 1050 1275 1112 5
1315 1087 1320 1125 4

61 1161 131 1232 (Μ,
144 1163 208 1232 ⁸¹7)
299 1145 369 1204 Mox
400 1144 482 1206 iuter
512 1154 725 1228 quaesturam.
741 1165 777 1204 ac
805 1141 995 1212 tribunatum
1026 1139 1120 1226 plebis
1153 1154 1243 1234 atque

59 1259 96 1327 (a.
110 1257 207 1330 u.818)
218 1249 308 1310 etiarn
330 1230 430 1332 ipsum
446 1251 617 1314 tribunatus
633 1269 746 1312 cunum
762 1249 865 1331 quiete
886 1229 916 1313 et
936 1252 997 1312 otio
1020 1251 1151 1329 uansiit,
1165 1271 1241 1334 gna.

62 1344 65 1350 ¹
216 1377 268 1418 rus
288 1357 345 1418 snb
364 1356 485 1419 Nerone
505 1367 694 1438 temporum,
727 1355 840 1438 quibus
867 1353 979 1416 inertia
1008 1374 1063 1437 pro
1094 1339 1247 1438 sapientia⁴

59 1466 204 1539 (auum)
216 1461 283 1522 tuit.
324 1459 408 1522 Idem
429 1471 588 1543 praeturae
607 1470 746 1521 teneret
767 1459 940 1522 silentium:
968 1477 1025 1520 uec
1045 1460 1127 1522 euim
1148 1463 1243 1524 iuris-

215 1566 308 1628 dictio
337 1566 514 1632 obvenerat.
542 1565 658 1627 *Ludos
686 1575 716 1628 et
735 1566 838 1626 inania
859 1565 981 1628 bounris
1001 1565 1091 1626 modo
1118 1567 1293 1632 rutionieno

215 1684 306 1756 atque
327 1672 531 1736 abundantiae
551 1671 656 1752 duxit,
678 1676 722 1734 uti
742 1668 831 1756 longe
865 1693 885 1732 a
906 1671 1043 1752 luxuria,
1073 1674 1116 1734 ita
1145 1675 1241 1737 iamne

55 1787 126 1858 (au.
136 1786 201 1858 θαι)
214 1781 353 1864 propior.
394 1781 475 1842 Tum
496 1777 608 1842 electus
627 1799 646 1841 a
667 1778 764 1841 Galba
787 1779 825 1840 ad
858 1780 940 1843 dona
971 1779 1157 1862 templorum
1189 1803 1239 1844 re-
1311 1751 1325 1772 ,

126 1941 128 1946 .
213 1885 419 1968 cognoscenda
450 1884 676 1969 diligentissima
705 1885 924 1970 conquisitione
956 1887 1057 1972 iecitp
1086 1906 1125 1946 ne
1156 1887 1240 1950 cuius

216 1988 338 2052 alterius
359 1987 545 2072 saerilegium
563 2011 611 2052 res
630 1988 753 2072 publiea
771 1991 1011 2072 quamNeronis
1032 1994 1182 2056 sensisset.

211 2108 436 2122 hin—m

154 2147 158 2152 ’
212 2151 304 2208 dutum
321 2151 482 2209 Mithridati
498 2174 517 2208 u
533 2171 615 2212 semet
631 2131 868 2219 memorando.
896 2155 930 2214 ll.
946 2156 976 2219 1,
998 2156 1042 2213 65.
1067 2161 1238 2231 conscriptas

214 2264 302 2320 nuper
317 2249 485 2320 legionario
500 2250 669 2322 praesidium
688 2253 791 2324 Gplbue
811 2249 1022 2321 referendo.
1039 2253 1067 2315 1,
1087 2269 1127 2322 77.
1144 2254 1240 2325 pleru-

137 2371 141 2386 ·
212 2360 264 2416 que
282 2354 379 2396 contra
394 2341 475 2415 decus
492 2361 525 2397 es
538 2349 740 2415 praesentium
756 2343 1008 2416 properando.
1026 2345 1074 2409 lli,
1094 2351 1136 2418 39.
1152 2345 1238 2402 Addi—
1309 2337 1316 2358 ¹

211 2436 255 2490 dit
269 2437 395 2505 facinori
403 2436 492 2510 fidem
510 2437 599 2492 nobili
617 2435 720 2508 gaudio
737 2439 862 2493 Blaesum
880 2436 1039 2492 visendo.
1075 2439 1165 2490 Unum
1196 2447 1238 2492 est

211 2529 287 2600 quod
306 2547 349 2583 mc
367 2533 516 2583 etiamnum
537 2532 652 2600 pungit,
672 2533 748 2583 cuins
764 2547 807 2583 me
832 2532 974 2585 admonuit
1000 2535 1042 2585 vir
1070 2532 1238 2602 perillustris
1273 2576 1276 2582 .

211 2633 240 2678 et
256 2625 359 2692 ingenti
374 2624 518 2692 sagacitate
537 2632 565 2675 et
582 2624 754 2693 integerrimo
772 2624 874 2676 iudicio
892 2627 1061 2697 conspicuus.
1097 2628 1165 2680 Nona
1179 2643 1244 2698 quu-

209 2719 316 2772 ratione
333 2719 385 2770 hoc
402 2717 616 2769 additamentum
633 2723 727 2774 uatum
744 2719 798 2781 sit,
820 2719 948 2787 explicari
973 2722 1112 2775 luculente
1129 2724 1239 2794 nequit.
1277 2711 1290 2723 ”

210 2813 352 2866 Coniieere
372 2825 403 2864 ea
421 2810 455 2862 de
472 2826 501 2864 re
518 2811 604 2864 multa
622 2812 696 2876 licet,
714 2831 738 2865 v.
760 2829 782 2866 c.
799 2811 865 2878 baec
882 2817 1003 2884 proiectu
1021 2833 1110 2872 esses
1127 2819 1235 2884 marito.

209 2911 258 2981 qui
278 2909 320 2965 vel
338 2909 443 2980 egregia
465 2925 548 2963 uxore
571 2925 600 2963 se
616 2909 733 2978 gaudere
748 2916 875 2979 putaret,
892 2913 935 2965 uei
953 2915 1073 2985 procacis
1104 2890 1235 2969 rixantis-
1327 2887 1331 2895 ¹

209 3021 263 3080 quc
274 3007 483 3076 coniugiumue
501 3020 588 3059 mores
611 3011 788 3062 aversaretur

294 3103 321 3170 i.
342 3101 423 3156 simul
441 3113 467 3152 et
484 3101 612 3155 solatium
630 3099 681 3152 Vb

295 3211 319 3268 7.
339 3196 424 3266 ipsum
442 3196 524 3248 etium
540 3185 613 3248 llb.

295 3304 320 3357 7.
338 3287 440 3340 transit
458 3285 518 3354 ΔΕ,
538 3288 655 3340 correxit
674 3288 825 3342 Rhenanus.

292 3401 319 3452 9.
336 3393 415 3436 tenor
433 3378 593 3438 Rhenanus:
610 3381 654 3434 Ali
671 3387 699 3434 et
715 3381 757 3434 Vh
779 3387 889 3438 certior.

279 3492 317 3532 to.
336 3475 414 3531 modo
434 3477 552 3531 rationis
566 3473 700 3553 antiquae
711 3475 844 3532 editiones
863 3485 891 3531 et
907 3478 985 3546 (Va),
1004 3480 1092 3536 medio
1111 3478 1231 3537 rationis

205 3565 268 3629 Vb,
286 3565 482 3624 moderationis
499 3587 564 3624 sune
582 3563 699 3623 coniecit
715 3568 834 3640 Lipsius.
852 3599 884 3612 -
901 3570 1001 3628 ducere
1029 3573 1160 3642 peculiari
1186 3587 1231 3625 ra-

204 3663 282 3716 tione
302 3666 394 3732 posuit
410 3683 457 3734 pro
476 3667 620 3721 aestimare
637 3685 657 3720 s.
676 3665 869 3739 penderes‘in
900 3671 1074 3724 aestimandis
1102 3667 1174 3722 ludis
1202 3677 1232 3720 et

207 3757 333 3812 inanibus
350 3756 460 3810 honoris
481 3775 542 3812 eum
560 3759 668 3812 modum
687 3760 808 3829 Agricola
827 3761 972 3827 adhibuit,
998 3779 1077 3833 quem
1096 3762 1230 3832 praescri·
1277 3751 1282 3760 ¹

205 3849 289 3903 bebat
307 3865 339 3902 ex
358 3849 442 3900 alteru
459 3859 535 3920 parte
555 3853 628 3904 ratio
642 3851 843 3920 (otonomtscte
862 3851 1069 3927 Briwecduung)
1093 3871 1127 3907 cx
1145 3855 1230 3908 altera
1291 3843 1304 3868 ⁰

167 3953 170 3961 ’
206 3943 377 4000 abnndantia
396 3945 453 4016 (ein
470 3949 632 4004 reictttctes
646 3951 812 4022 Vermdgen).
833 3953 908 4008 Cnni.
922 3972 942 4008 a
955 3955 997 4024 ii.
1019 3955 1138 4055 Opibus
1132 3953 1228 4011 nimiis

206 4054 262 4094 nun
282 4039 437 4114 gaudebat,
456 4045 593 4114 speciosae
616 4045 793 4120 contigerunt
