2914 4724
525 401 598 462 LlB.
621 402 644 462 l.
665 401 754 466 chr.
778 406 910 472 69-71.
1194 411 1231 474 51

186 584 391 667 ¹habueram
412 601 484 644 mox
507 602 525 643 a
546 581 683 664 Nerone,
704 591 741 644 ut
759 584 792 646 in
812 584 982 666 Aegyptum
997 585 1235 666 praemitteren-
1249 591 1276 661 (ι
1290 590 1319 642 c.
1337 589 1393 661 69.)

186 703 274 768 tur,
295 690 400 766 exciti,
436 701 466 752 ct
484 689 525 750 ob
545 689 661 754 bellum
683 689 820 752 Vindicis
853 693 1009 767 revocati,
1041 714 1077 754 ac
1109 703 1175 752 tum
1204 695 1236 755 in

202 795 288 857 ltalia
310 804 483 873 manentes,¹
499 797 645 858 instinctu
666 797 878 874 decurionum,
901 797 952 877 qui
975 796 1110 865 Othonis
1124 801 1235 882 ignari,

184 903 328 968 'Vitellio
351 905 489 966 obstricti
509 905 606 967 robur
627 906 858 968 adventantium
879 893 1030 986 legionum
1066 919 1096 968 ct
1126 909 1238 972 famam

170 1013 376 1076 5Germanici
397 1016 545 1076 exercitus
566 1011 768 1088 attollebant,
791 1013 942 1072 transiere
962 1014 992 1072 ia
1014 1024 1131 1094 partes,
1151 1028 1182 1078 et
1202 1031 1238 1080 ut

95 1141 97 1147 ·
125 1191 129 1210 ι
201 1117 319 1178 ιΙοιιιιιιι
342 1117 469 1200 aliquod
489 1139 572 1180 novo
592 1118 722 1198 principi
746 1116 913 1178 firmissima
934 1117 1168 1204 Transpadana'c
1186 1145 1238 1185 re·

199 1227 300 1304 gionis
329 1226 498 1304 municipia
518 1219 722 1282 Mediolanum
745 1211 780 1281 ac
802 1221 969 1282 Novariam
1000 1235 1030 1285 et
1052 1225 1238 1308 Eporediam

200 1355 237 1394 ac
257 1331 414 1392 Vercellas
435 1329 607 1390 adiunxere.
648 1327 685 1388 ld
704 1327 853 1390 Caecinae
868 1351 923 1410 per
945 1327 1029 1412 ipsos
1038 1347 1236 1416 compertum.

199 1441 241 1502 Et
258 1441 330 1522 quia
350 1437 501 1521 praesidio
520 1435 584 1496 alae
602 1437 693 1497 unius
714 1434 861 1497 latissima
881 1458 950 1517 pars
978 1439 1083 1501 Italiae
1113 1441 1235 1506 defendi

153 1564 187 1604 ιο
199 1542 365 1630 nequibat,
384 1543 556 1626 praemissis
576 1544 736 1605 Gallorum
758 1543 976 1608 Lusitanorum
996 1545 1232 1612 Britannorum·

143 1689 147 1695 f
199 1677 258 1740 que
279 1634 457 1716 cohortibus
478 1661 509 1712 ct
530 1653 758 1714 Germanorum
781 1651 898 1732 vexillis
924 1672 994 1712 cum
1024 1653 1071 1716 ala
1095 1657 1232 1737 Petrina,

194 1764 259 1844 ipse
278 1761 436 1842 paululum
456 1767 642 1834 cunctatus,
670 1779 747 1820 num
768 1757 897 1820 Raeticis
925 1760 1002 1840 iugis
1033 1760 1063 1820 in
1086 1761 1234 1828 Noricum

195 1854 329 1932 flecteret
359 1869 505 1930 adversus
530 1866 710 1929 Petroniam
745 1867 857 1944 [urbis]
891 1880 1143 1950 procuratorem,
1177 1871 1234 1954 qui

196 1978 323 2038 concitis
358 1975 475 2036 auxiliis
508 1984 540 2034 et
570 1975 753 2058 interruptis
787 1969 948 2034 lluminnm
978 1975 1125 2056 pontibus
1153 1978 1233 2038 fidus

135 2075 184 2138 ’15
198 2081 316 2142 Othoni
336 2077 514 2161 putabatur.
534 2079 616 2148 „sed
638 2091 723 2140 metu
744 2098 783 2138 ne
803 2079 957 2138 amitteret
978 2084 1153 2160 praemissas
1171 2087 1232 2144 iam
1253 2125 1285 2142 w

198 2189 340 2248 cohortes
362 2187 506 2265 alasque,
529 2187 616 2245 simul
639 2198 783 2268 reputans
803 2185 872 2266 plus
892 2185 1007 2264 gloriae
1030 2197 1148 2248 retenta
1168 2191 1231 2251 lta-

197 2297 255 2374 lia,
278 2307 308 2356 et
330 2295 507 2374 ubicunque
527 2301 676 2352 certatum
701 2293 796 2365 foret,
820 2291 948 2350 Noricos
977 2291 1008 2352 in
1025 2285 1138 2355 'cetera
1165 2301 1230 2359 vio·

196 2405 295 2466 toriae
313 2400 451 2484 praemia
471 2419 625 2475 cessuros,
644 2396 764 2458 Penino
786 2395 1001 2478 subsignanum
1022 2397 1148 2464 militem
1179 2404 1230 2466 iti..

196 2531 269 2572 nere
278 2521 309 2572 et
317 2527 411 2590 grave
419 2505 573 2598 legionum
585 2525 692 2588 agmen
701 2493 833 2568 hibernis
843 2505 941 2566 adhuc
949 2505 1077 2588 Alpibus
1084 2509 1229 2576 traduxit.

130 2620 178 2739 71
278 2617 363 2680 Otho
383 2615 505 2676 interim
521 2593 633 2674 ¹contra
653 2635 737 2696 spem
760 2613 897 2674 munium
919 2635 980 2676 non
1002 2615 1117 2678 deliciis
1130 2641 1227 2702 nequa

197 2725 311 2786 desidia
331 2735 516 2806 torpescere.
559 2723 678 2782 Dilatae
697 2720 877 2804 voluptates,
898 2707 1223 2803 dissimuletaluxuria,

196 2844 227 2892 et
245 2844 355 2893 cuncta
379 2831 420 2892 ad
440 2831 608 2893 decorem
601 2830 914 2942 1mperiicomposita.
955 2832 1063 2924 quue
1082 2832 1150 2914 plus
1161 2835 1225 2895 for

136 2995 138 3006 ,
196 2939 316 2998 midinis
338 2939 503 3001 afferebant
534 2939 624 3000 lalsae
646 2922 785 3000 virtutes
798 2949 829 3000 et
858 2909 931 3000 vitia
965 2939 1112 3000 reditura.
1156 2943 1225 3003 Ma

194 3049 274 3106 rium
293 3045 414 3106 Celsum
436 3020 601 3106 consulem
608 3045 816 3128 designatum,
849 3067 903 3128 per
924 3046 1052 3126 speciem
1082 3043 1222 3108 vinculo

142 3153 182 3219 25
197 3176 267 3214 rum
292 3157 434 3215 saevitiae
466 3152 596 3214 militum
631 3153 840 3232 subtractum,
868 3153 957 3212 acciri
984 3154 1015 3212 in
1040 3153 1222 3232 Capitolium
1273 3218 1275 3222 ι
1360 3145 1364 3154 ’

194 3263 289 3322 iubet.
332 3262 516 3322 Clementiae
540 3261 645 3320 titulus
665 3281 682 3322 c
703 3259 771 3323 viro
794 3259 877 3321 claro
897 3267 928 3320 et
958 3259 1096 3341 partibus
1123 3259 1241 3324 invisor

192 3371 365 3452 petebatur.
406 3370 510 3432 Celsus
531 3378 706 3430 constanter
736 3378 873 3435 servatae
901 3388 971 3450 erga
993 3367 1125 3429 Galbam
1149 3368 1220 3432 fidei

192 3478 310 3538 crimen
342 3479 494 3539 consessus
524 3476 692 3558 exemplum
720 3475 804 3537 ultro
833 3475 1003 3560 imputavit.
1044 3473 1107 3532 Nec
1134 3473 1219 3536 Otho

197 3593 402 3614 u*-

264 3669 302 3706 ιι.
316 3652 371 3710 ala
386 3653 500 3706 Petrina
518 3649 651 3713 Servilius·
669 3649 776 3702 codices
789 3648 850 3720 alpe
867 3651 963 3704 tarinn
978 3645 1022 3701 vel
1040 3645 1164 3699 triarina
1174 3645 1218 3698 vel

191 3747 294 3800 triario
312 3743 508 3800 retTnur-r'nn.
527 3743 605 3796 Cous.
626 3743 677 3807 tv,
695 3747 737 3812 49.
810 3774 840 3782 =·
940 3737 947 3756 ’

259 3842 301 3892 28
318 3841 373 3894 Nec
392 3840 459 3893 Otho
477 3841 560 3913 qnnsr'
587 3825 751 3910 ignoscent]
772 3801 941 3890 Sententiam
960 3837 1079 3896 auctoris
1093 3795 1194 3889 hunc
1185 3852 1216 3888 m

189 3931 300 3983 modum
318 3933 430 4002 explico.
466 3933 545 3983 Celso
577 3930 641 3982 fidei
672 3929 824 3999 exemplum
850 3927 921 3980 ultro
947 3927 1115 3998 imputante,
1142 3927 1214 3982 Otho

188 4033 328 4096 promptus
349 4027 378 4078 id
395 4029 515 4096 accepit,
540 4031 567 4076 et
586 4042 641 4076 non
662 4024 739 4094 quasi
763 4023 926 4091 ignosceret,
954 4023 980 4076 h.
1008 4039 1030 4074 e.
1055 4039 1110 4074 non
1137 4021 1213 4090 quasi
