2886 4726
420 331 436 351 ”
473 351 546 414 tin.
565 351 618 412 99.
644 351 733 410 999.
754 350 890 432 tofta.
1138 354 1198 419 999
1227 329 1236 351 ”

1387 403 1396 440 1

170 537 325 600 curatores
347 531 439 602 date,
465 535 541 612 petit
562 557 584 593 9
603 533 730 596 Caesare
750 535 855 594 lunius
876 532 1049 608 liiauricus,
1071 529 1198 596 ut'ecm-
1212 541 1239 611 (e
1253 539 1282 594 c.
1304 541 1358 611 99.)

66 679 77 740 Ι
171 639 389 700 menteriorum
411 642 626 724 principalium
648 651 827 724 potestatem
848 643 963 700 senatui
985 641 1115 715 faceret,
1145 660 1199 720 per

169 765 248 825 quos
274 757 517 828 nosceretrqnem
531 747 660 828 quiaque
677 745 878 806 accusandum
900 743 1092 826 poposcisset.
1119 743 1199 802 Con·
1267 762 1268 772 ¹

99 849 147 930 dl
170 847 402 934 solendumaati
424 873 515 931 super
538 871 571 911 re
592 851 765 932 principem
794 849 960 930 respondit.
1002 848 1129 908 Senatus
1152 849 1199 908 in-

94 987 97 1002 9
135 954 347 1034 5choantilius
370 958 553 1036 primoribus
575 956 807 1016 iusiurandum
829 951 984 1032 concepit,
1015 973 1075 1034 quo
1102 960 1198 1012 certa-

107 1088 112 1101 2
169 1062 350 1125 timomnes
379 1066 587 1142 magistratus,
617 1063 707 1122 ceteri
732 1072 766 1119 ut
786 1059 965 1120 sententiam
995 1058 1197 1138 rogabantur,

169 1166 240 1226 tices
263 1177 352 1229 testas
371 1167 558 1230 advocabant
572 1167 649 1227 nibil
670 1187 725 1246 epe
740 1189 792 1227 sua
817 1167 932 1226 factum
946 1185 1008 1245 quo
1025 1164 1199 1244 cuiusquam

169 1271 249 1334 salus
273 1273 465 1353 laederetur„
487 1296 592 1356 neque*
606 1296 637 1334 se
659 1276 826 1354 prn'emium
847 1284 901 1332 aut
917 1272 1073 1331 bonorem
1094 1291 1129 1330 ex
1147 1289 1200 1330 ea-

168 1380 303 1448 lumitate
324 1382 442 1442 civium¹
455 1381 586 1463 cepisse,
611 1383 733 1462 trepidis
754 1393 784 1442 et
806 1383 896 1440 verba
920 1376 994 1438 iuris
1015 1377 1133 1437 iurandi
1146 1397 1200 1457 per

119 1525 154 1564 ,0
169 1488 266 1548 varias
296 1499 374 1548 artes
408 1489 623 1562 mutantibus,
646 1491 713 1569 quis
741 1488 844 1568 flagitii
873 1487 1057 1546 conscientia
1087 1486 1197 1544 inerat.
1236 1565 1238 1576 Ι

166 1569 343 1682 Prohibent
365 1593 542 1676 religionem
562 1605 675 1677 patres,
699 1597 866 1675 periurium
885 1591 1070 1676 arguebant.
1092 1591 1200 1675 anue
1295 1602 1298 1609 '

167 1701 250 1762 velut
270 1724 397 1770 censura
420 1706 451 1764 in
474 1705 666 1770 Sariolenum
681 1703 828 1764 Voculam
852 1713 881 1763 et
895 1703 1027 1763 Nonium
1039 1701 1200 1784 Actiacum

167 1820 199 1868 et
219 1809 350 1873 Cestium
371 1811 518 1872 Severum
540 1812 684 1872 acerrime
707 1813 866 1886 incubuit,
898 1811 1019 1872 crebris
1034 1809 1114 1889 apud
1134 1809 1198 1868 Ne-

168 1931 277 1975 ronem
291 1913 492 1980 delationibus
514 1915 653 1978 famosos.
693 1915 888 1976 Sariolenum
911 1928 940 1974 et
961 1937 1065 1976 recens
1081 1915 1198 1976 crimen
1281 1981 1289 1996 „

120 2023 315 2101 iburgebat,
339 2023 422 2102 qnod
443 2024 525 2103 apud
546 2015 849 2086 Vitellinmrnolitus
871 2023 975 2080 eadem
996 2023 1091 2081 foret.
1135 2023 1200 2081 Nec

101 2146 104 2154 ’
143 2129 279 2198 ,darien
300 2141 421 2192 senatus
442 2151 548 2188 manns
567 2133 719 2190 intentare
742 2126 896 2200 ι9999199,
920 2127 1017 2186 donee
1039 2129 1124 2186 curin
1145 2147 1198 2188 ex.

168 2233 297 2295 cederet.
340 2231 753 2297 bd,.Peuti'um,Africanum
772 2232 947 2311 transgressi
978 2251 1047 2290 eum
1078 2253 1198 2314 quoque

169 2333 371 2418 proturbant,
394 2345 539 2416 tanquam
562 2337 680 2398 Neroni
705 2336 883 2396 Scribonios
904 2335 1015 2396 fratres
1036 2337 1198 2398 eoncordia

167 2445 335 2526 opibusque
368 2441 501 2522 insignes
533 2441 572 2507 ad
602 2443 725 2504 exitium
757 2443 991 2500 monstrauisset.
1035 2443 1198 2505 Africanus

115 2572 264 2633 20neque
287 2549 376 2612 fateri
397 2547 527 2609 audebat
548 2566 647 2626 neque
682 2548 816 2608 abnuere
843 2555 980 2626 poterat.
1011 2550 1042 2606 19
1073 2547 1198 2609 Vibium

164 2661 317 2740 Crispum,
339 2656 425 2716 cuius
447 2653 633 2736 fatigabatur
654 2655 952 2734 interrogationibus,
975 2656 1056 2718 ultro
1070 2675 1198 2716 conver·

162 2787 233 2842 sus,
262 2763 435 2834 miscendo
443 2780 520 2842 quae
549 2761 728 2826 defendere
746 2760 908 2842 nequibat,
925 2763 1068 2830 societate
1089 2763 1196 2845 culpae

164 2872 308 2932 invidiam
329 2870 552 2969 declinavit.

96 2971 388 3066 4991959999
409 2997 445 3036 eo
465 2975 515 3036 die
535 2977 652 3060 pietatis¹
674 2980 924 3059 eloquentiaeque
946 2977 1056 3036 tamam
1072 2978 1195 3059 Vipsta-

116 3087 228 3152 25nus
243 3083 369 3152 Messala
389 3084 528 3164 adeptus
539 3096 601 3160 est,
627 3086 764 3150 nondum
783 3086 937 3146 senatoria
954 3055 1080 3160 aetate,
1107 3107 1196 3146 ausus

164 3211 221 3272 pro
250 3190 343 3252 fratre
365 3189 485 3272 Aquilio
514 3191 649 3272 Regulo
659 3191 829 3274 deprecari.
865 3190 1022 3272 Regulum
1052 3189 1199 3266 9919999999Ι

164 3298 354 3369 Crassorum¹
371 3309 403 3358 et
420 3299 519 3366 Oriiti¹
532 3298 639 3390 doinus
671 3299 702 3360 in
721 3321 871 3362 summum
901 3299 1007 3359 odium
1034 3295 1191 3356 extulerat.

169 3433 462 3449 μιι-αι--ι-ι--υι-

256 3485 277 3526 91
297 3473 621 3528 MauricusBern'aldnse'
644 3475 689 3529 titi
708 3492 774 3528 oum'
785 3470 922 3547 plerisque
942 3475 1074 3529 Marinus.
1111 3465 1114 3482 '
1143 3523 1147 3533 ,

127 3569 131 3585 ¹
188 3575 191 3580 '
236 3587 272 3622 99.
295 3551 473 3622 Prcbcbant-
481 3570 659 3638 arguebant]
665 3571 791 3624 Placebat
808 3569 931 3640 patribus
951 3559 1074 3622 hemines
1092 3583 1192 3620 uccen-

165 3673 205 3714 tcs
224 3664 295 3716 inter
313 3664 516 3734 concipienda'
508 3661 578 3714 ruris
593 3663 700 3717 iurandi
719 3667 801 3720 verba
814 3666 947 3733 religione
965 3665 1054 3732 tangi:
1048 3661 1191 3716 ·sedistor
1252 3653 1257 3675 '¹

164 3757 252 3810 nihile
271 3761 360 3812 9919999
379 3764 573 3812 sacramentum
591 3775 719 3827 peragere
737 3759 935 3830 improbabant
1005 3769 1007 3776 “

196 3918 200 3928 .
239 3865 277 3906 99
296 3852 431 3904 tatianum
452 3849 514 3912 Ma,
539 3857 572 3902 et·
595 3852 634 3904 96.
656 3849 754 3916 deerit,
783 3849 810 3906 et
844 3867 882 3920 ¹7·
908 3853 1042 3922 paceium
1062 3856 1103 3920 aq.
1130 3849 1191 3918 Vip-

165 3948 248 3996 tbnus
269 3944 355 3993 nna
378 3946 523 4014 i'ipstenus
547 3941 672 4010 Rycltius.
