2886 4726
554 435 627 500 LlB.
646 434 701 498 111.
725 431 814 492 cte.
836 433 887 498 58.
1175 429 1231 494 171

207 639 275 680 rum
298 627 328 680 et
350 615 469 700 pondus
501 619 620 700 urgenti
647 614 837 678 necatoribus
868 605 987 674 indicit.
1030 605 1155 689 Equites
1172 605 1233 668 lio-
1246 610 1275 684 (e
1288 611 1317 664 C.
1335 614 1390 684 69.)

205 727 288 786 mani
308 725 443 787 obtulere
461 746 584 810 operam
606 723 828 808 pecuniaeque,
861 718 952 782 etiem
975 713 1122 782 libertinis
1150 714 1233 778 idem
1276 729 1279 738 ⁴

204 884 496 900 ——n—-u-n—-q

204 959 326 1023 sumptus
344 953 571 1009 extraordinarios
589 955 697 1021 tribus,
717 969 774 1006 non
794 951 902 1006 sordide
921 948 1229 1020 plebecnls‚'peeunlne

201 1054 306 1117 partem
326 1049 510 1103 conterebant.
530 1049 593 1103 vid.
613 1048 740 1100 Suetonii
757 1048 849 1100 Oeten.
865 1063 886 1098 c.
904 1047 945 1113 57.
979 1047 1013 1098 In
1031 1043 1229 1098 restitutionem

200 1143 348 1196 Palatinae
365 1141 458 1200 domus
477 1143 607 1200 incendio
626 1143 782 1214 absumptae
803 1144 948 1204 veterani,
978 1139 1108 1196 decuriae
1129 1138 1229 1206 (intel-

198 1237 254 1304 lige
272 1240 392 1308 equitnm
411 1243 489 1312 utin
507 1238 630 1294 eiusdem
650 1237 742 1292 'l'iben
761 1251 783 1292 c.
802 1237 843 1288 51.
862 1244 889 1290 et
921 1235 995 1308 in),
1026 1234 1159 1288 enlm·-
1178 1215 1228 1304 pe·

199 1331 298 1386 ennias
320 1333 505 1390 contulerunt.
541 1333 715 1386 Honestiores
737 1347 770 1382 ex
789 1333 892 1402 populo
910 1333 939 1382 in
956 1329 1067 1400 publico
1084 1328 1159 1381 luctu
1179 1335 1227 1377 eut

196 1425 297 1494 gaudio
322 1433 409 1494 portes
438 1442 499 1480 snos
524 1442 574 1494 per
595 1413 684 1479 tribur
700 1423 825 1490 egebant.
861 1422 906 1472 Sic
929 1429 1039 1482 'mortno
1062 1423 1225 1475 Germanico

194 1518 262 1580 (vid.
283 1519 371 1572 'sneiti
391 1519 421 1571 A.
439 1521 478 1571 llI
486 1557 496 1584 ,
514 1521 550 1591 4)
566 1520 685 1591 populus
701 1515 858 1590 perenibus
876 1513 1027 1569 concidisse
1055 1533 1110 1568 rem
1132 1515 1224 1587 peiti-

194 1631 269 1676 cam‚
287 1611 436 1692 nibilyspei
451 1614 589 1684 reliquum
608 1612 808 1682 clamitaban25
829 1626 860 1664 sc
876 1608 949 1665 llere
967 1628 1001 1664 ex
1012 1611 1159 1680 Componis
1172 1610 1224 1661 llo-

193 1723 264 1760 mom
282 1722 401 1766 reversus
420 1705 519 1761 obvias
536 1708 686 1774 tributii.
701 1707 779 1772 XIV,
812 1708 878 1778 ri),
896 1711 973 1781 sesto
996 1708 1074 1760 cultu
1099 1716 1222 1760 senatum

194 1791 307 1854 invenit
343 1801 398 1852 lem
418 1816 496 1852 csusn
514 1809 647 1870 spperet,
664 1820 711 1854 cur
727 1803 865 1870 ¹'Augustus
883 1803 984 1874 populo
1003 1800 1140 1872 grandem.
1167 1779 1221 1854 tri·

193 1893 278 1947 inbns
296 1895 420 1966 exiguam
438 1899 581 1966 pecuniam
598 1898 740 1966 legaverit.
775 1897 910 1950 Nimirum
930 1913 998 1968 quos
1017 1896 1065 1949 ille
1080 1897 1225 1968 dnmvixit,

189 1990 329 2042 frumento
348 1991 460 2056 adiuvit,
477 1993 586 2046 cosdem
608 2001 802 2062 postmortem
822 1992 915 2064 grandi
932 1992 1036 2064 argenti
1056 1993 1082 2045 ri
1100 1991 1220 2048 donavit.

189 2085 319 2136 'l'ribulcs
337 2102 400 2141 vero
418 2089 539 2158 quemvis
558 2087 593 2138 sd
609 2089 691 2146 ritum
710 2089 840 2158 egendum
859 2087 954 2139 eodem
981 2087 1138 2139 adiumento
1163 2104 1219 2140 non

189 2177 359 2246 indigerent,
380 2185 471 2230 tamen
489 2177 600 2232 honoris
620 2195 700 2230 cause
718 2183 809 2233 tricies
824 2177 974 2254 ⁸ipninquies
1000 2183 1153 2233 sestertium
1174 2197 1218 2234 ec·

189 2277 335 2340 ceperunt,
355 2278 385 2321 ut
403 2286 435 2321 eo
454 2269 577 2322 subsidio
595 2273 798 2326 exsolverentur
816 2288 887 2342 quae
915 2273 950 2322 ed
973 2271 1062 2324 tribus
1086 2273 1213 2328 ordinen-

188 2365 237 2417 elas
254 2372 283 2417 et
302 2361 580 2426 administrandas,nd
593 2363 716 2415 aedificio
732 2367 761 2418 iu
780 2363 880 2435 quibus
888 2365 1073 2431 convenirent,
1090 2367 1215 2422 adescri-

187 2461 251 2515 licin
270 2462 423 2514 communis
443 2461 595 2538 necesse-ris
613 2467 713 2516 essent.
749 2459 859 2532 Quippe
885 2465 1001 2530 pecunie
1022 2463 1148 2518 tribubus
1166 2468 1214 2520 de'·

185 2561 285 2612 stiueta
307 2546 372 2612 'non
401 2559 515 2628 singulis
541 2558 691 2612 tribulibus
716 2559 925 2622 numerabatur,
951 2561 1000 2612 sed
1026 2560 1213 2616 communibus

183 2653 340 2724 sumptibus
358 2661 491 2706 reservate
507 2661 576 2706 este
593 2653 713 2707 vicorum
731 2653 871 2720 magistris.
889 2651 968 2706 Conf.
987 2653 1100 2714 Sueten,
1117 2653 1212 2712 liber.

183 2767 205 2804 c.
224 2753 266 2822 76.
301 2749 386 2803 Dedit
402 2763 429 2808 ee
446 2751 538 2818 legata
555 2748 708 2822 plerisqne3
737 2750 812 2802 inter
828 2765 896 2820 qnos
917 2749 1073 2819 virginibus
1091 2749 1210 2804 Vestali-

92 2863 98 2876 ¹
182 2848 243 2908 bns,
262 2844 312 2900 sed
327 2858 355 2898 et
374 2847 503 2898 militibus
523 2846 671 2908 universis,
686 2845 812 2916 plebique
831 2845 970 2898 Romanae
990 2846 1107 2908 viritim,
1126 2858 1209 2920 oeque

180 2940 266 2992 etiam
294 2937 441 3007 separatim
469 2939 594 2990 vicorum
614 2935 761 3007 magistris.
788 2940 858 2996 Plio.
884 2940 1009 3008 Panegyr.
1037 2957 1059 2992 c.
1086 2943 1128 2994 25.
1153 2943 1211 2994 nisi

181 3049 250 3086 vero
270 3033 372 3090 leniter
390 3031 491 3102 attingi
507 3031 597 3100 placet
612 3033 793 3104 locupletatas
813 3034 901 3088 tribue
924 3031 1071 3106 datumque
1094 3034 1209 3103 congio·
1254 3081 1258 3089 ,

181 3129 253 3182 rium
268 3123 351 3200 plebi.
387 3123 463 3175 Plebs
485 3130 599 3191 utroque
622 3123 683 3174 loco
713 3131 754 3175 est
775 3125 869 3194 populi
895 3142 955 3194 pore
984 3126 1110 3178 tribubus
1135 3125 1209 3180 hund

182 3227 308 3278 contente
326 3231 353 3272 et
373 3218 408 3270 ob
427 3224 612 3288 paupertatem
630 3234 645 3269 s
663 3225 692 3269 re
708 3220 819 3288 publice
837 3219 935 3272 alendo
955 3220 1090 3273 frumento
1118 3229 1146 3271 et
1163 3223 1207 3274 iu—

180 3313 267 3368 vandi
292 3314 410 3364 nummis
428 3313 528 3364 viritim
548 3311 709 3365 distributis.
749 3316 842 3384 Populi
854 3331 915 3383 pars
926 3315 1052 3368 tribubus
1070 3314 1205 3386 descripte

179 3406 318 3466 interdum
334 3407 410 3478 plebs
433 3405 542 3462 urbana
566 3409 687 3480 quinque
709 3419 736 3460 et
763 3411 882 3480 triginta
911 3410 1042 3470 tribuum,
1070 3407 1205 3460 interdum

180 3502 305 3559 obsolute
325 3502 447 3575 quinque
464 3513 490 3553 et
507 3501 623 3572 triginta
642 3501 729 3553 tribus
744 3501 924 3588 appellantur.
962 3500 1040 3554 Cous.
1064 3501 1203 3574 inscriptio

179 3597 253 3666 opud
272 3596 429 3648 Febrettum
443 3609 469 3662 p.
487 3593 546 3663 395.
567 3599 594 3646 et
604 3593 748 3646 Gruterum
763 3595 898 3660 CCXLVI,
916 3599 940 3650 8.
976 3593 1126 3666 Utrumque
1136 3599 1204 3650 titu-

180 3695 236 3746 lum
254 3691 371 3744 Orellius
389 3689 558 3758 transcripsit
575 3705 601 3742 n.
625 3688 702 3759 ³064.
719 3691 794 3746 3065.
830 3692 906 3744 Prior
931 3689 1081 3760 descriptor
1109 3699 1202 3744 estex

179 3794 363 3846 monumento,
383 3785 453 3854 quod
471 3785 546 3856 plebs
564 3785 671 3838 urbano
684 3788 806 3858 quinque
825 3800 850 3840 et
860 3786 979 3856 triginta
999 3786 1118 3840 erilium
1130 3788 1200 3840 Ger·

149 3931 153 3938 ,
178 3881 284 3956 manico
312 3881 418 3934 Cncsnri
442 3887 682 3949 posuerunt'aere
705 3885 834 3934 conlato:
858 3883 972 3933 alterum
996 3889 1199 3933 monumentum

159 3978 299 4052 ,quinque
316 3989 342 4029 et
361 3976 477 4044 triginta
496 3974 583 4026 tribus
600 3975 718 4028 Traiano
742 3977 830 4028 fecere
853 3975 929 4049 quod
954 3975 1122 4029 liberalitate
1148 3992 1198 4043 op·
1297 4049 1299 4054 ,

177 4069 236 4118 timi
251 4068 384 4136 principis
403 4066 538 4121 commodo
556 4071 665 4130 earnm,¹
685 4069 766 4120 etiarn
787 4069 907 4122 leronem
925 4067 965 4136 (iu
991 4068 1072 4139 circo)
1102 4063 1194 4121 adiec-
