2912 4730
513 432 590 498 mn.
608 433 649 494 11.
673 431 764 498 car.
789 388 945 504 cr-ioc.
1060 509 1063 522 ,
1202 440 1262 504 rra

57 647 62 658 ¹
150 691 153 693 ,
211 621 369 706 impatiens
394 617 465 680 solis
482 617 620 700 pulveris
648 625 883 701 tempestatum,
921 628 1134 708 quantumquo
1169 615 1263 683 bebee
1277 622 1305 692 (ι
1322 619 1351 672 C·
1370 618 1429 688 Aa)

210 729 252 790 ad
274 725 487 789 sustinendum
507 723 645 786 laborem
669 725 767 800 miles,
789 736 885 788 tanto*
899 726 937 788 ad
952 725 1123 788 discordias
1137 746 1264 808 promp-

212 839 285 898 tior.
327 833 503 898 Accedebat
523 833 587 894 buc
607 833 758 896 Caecinae
769 834 898 896 ambitio
919 847 1015 912 vetus,
1035 844 1142 916 torpor
1155 855 1262 896 recens

213 945 309 1005 nimia
330 943 478 1005 fortunae
497 942 689 1024 indulgentia
704 941 795 1002 soluti
818 943 851 1002 iu
874 942 997 1003 luxumr
1022 962 1075 1004 seu
1099 943 1261 1024 perfidiam

185 1053 375 1116 ¹5meditanti
403 1051 574 1133 infringere
606 1052 750 1110 exercitus
773 1051 927 1142 ‘virtutem
958 1052 1042 1112 inter
1068 1061 1149 1112 artes
1180 1062 1259 1113 erat.

167 1169 170 1175 '
214 1162 382 1224 Credidere
401 1160 541 1243 plerique
559 1157 659 1220 Flavii
685 1156 791 1217 Sabini
820 1157 953 1220 consiliis
985 1179 1162 1220 concussam
1183 1159 1262 1220 Cae.

214 1271 302 1328 cinae
318 1279 462 1346 mentem,
483 1267 626 1328 ministro
647 1285 827 1326 sermonum
839 1265 957 1326 Rubrio
970 1264 1077 1327 Gallo:
1101 1277 1164 1326 rata
1178 1266 1263 1348 apud
1296 1254 1303 1258 ⁵

215 1374 439 1455 Vespasianum
461 1373 632 1462 forepacta
655 1365 857 1436 transitionis.
898 1371 997 1432 Simul
1018 1371 1160 1435 odiorum
1181 1375 1263 1438 iuvi-

213 1483 347 1566 diaeque
369 1503 442 1564 erga
465 1461 598 1542 Fabium
619 1477 785 1542 Valentem
816 1477 1061 1559 admonebatur,
1099 1493 1133 1554 nt
1162 1486 1263 1566 imper

168 1591 298 1675 roapud
316 1589 474 1652 Vitelliam
494 1581 627 1674 gratiam
648 1587 794 1672 viresque
826 1587 912 1670 apud
943 1609 1060 1652 norunt
1091 1590 1263 1676 principem

213 1709 344 1784 peraret.

120 1805 206 1884 100
300 1809 431 1870 Caecina
452 1805 614 1892 complexu
635 1807 755 1870 Vitellii
779 1803 880 1870 multo
902 1823 972 1870 curn
991 1809 1112 1874 bonore
1141 1807 1262 1893 dignes»

215 1935 265 1998 sas
284 1925 402 1998 partem
425 1913 566 1996 equitum
588 1913 628 1976 ad
650 1913 862 1999 occupandam
886 1915 1070 1980 Cremonam
1092 1922 1260 2001 praemisit.

97 2013 99 2020 ’
214 2023 287 2089 Mox
309 2025 421 2086 uexilla
443 2034 573 2104 quartae
594 2023 743 2086 decumae
762 2034 793 2086 et
815 2034 915 2087 sextae
929 2025 1074 2091 decumae
1094 2029 1263 2112 legionum,

302 2190 326 2242 5.
344 2186 492 2252 meditanti
513 2187 676 2248 Rhenanus}
697 2187 742 2240 Ma
763 2191 791 2241 et
808 2188 936 2260 plerique
954 2167 1120 2256 meditatio,
1151 2191 1173 2242 1.
1185 2165 1263 2244 ¹Gro·
1327 2209 1329 2219 ⁴
1395 2216 1399 2225 ¹

141 2355 144 2366 μ
213 2286 313 2336 novius
332 2281 473 2364 meditato.
494 2285 533 2324 -'
548 2281 615 2334 Cum
634 2287 664 2336 in
684 2287 800 2355 antiquo
820 2285 938 2356 quodam
956 2287 1030 2338 libro
1048 2287 1262 2360 scriptumesset

139 2386 149 2428 t
207 2377 444 2451 meditati-allus
464 2373 595 2428 librarius
612 2379 736 2448 neglecta
750 2378 907 2450 compendii
917 2391 982 2434 nota
995 2383 1105 2450 scripsit
1119 2382 1261 2438 meditatis

210 2475 268 2526 iam
290 2487 354 2524 vero
374 2481 513 2526 corrector
529 2477 660 2526 successit
678 2476 833 2548 vitiumque
853 2465 990 2549 exquiiite
1017 2477 1151 2548 docteque
1178 2497 1261 2550 repo-

185 2621 188 2632 ,
210 2571 266 2645 sito
286 2556 606 2628 contaminatione
627 2571 726 2622 tollere
746 2572 932 2636 esistimavit,
949 2579 980 2624 ut
995 2571 1145 2646 perfidiam
1174 2574 1260 2630 necdi-

207 2667 281 2722 catio
299 2666 339 2717 sic
352 2664 499 2740 diceretur,
521 2663 751 2734 quemadmodum
771 2663 902 2737 quidtibi
914 2664 987 2719 bario
1002 2679 1059 2719 rem
1070 2669 1179 2721 curatio
1194 2666 1260 2722 est?

245 2784 250 2792 a
285 2757 324 2828 tq.
342 2759 451 2816 caecilia
467 2771 587 2833 quartae
613 2749 750 2839 decumae!
772 2771 799 2810 et
827 2770 920 2812 sextae
946 2748 1076 2815 decumae
1104 2755 1255 2832 legionum]

157 2887 160 2894 f
210 2849 257 2907 ma
277 2855 386 2906 aestua
405 2855 436 2906 tn
449 2865 584 2927 quartuor
602 2851 696 2907 cecam
720 2833 953 2925 stringentem,
970 2854 1259 2925 aspernamenta

156 2947 158 2956 ‘
210 2947 275 3004 XIV
287 2960 318 2998 at
338 2947 402 2998 lllll
420 2947 567 3018 legionum·
588 2977 619 2988 -
637 2947 807 3016 Praepositio
827 2949 860 3000 in
879 2949 1016 3018 quomodo
1042 2950 1072 3000 in
1090 2947 1134 3000 tut
1150 2948 1260 3003 venerit
1307 2946 1328 2966 ‘

213 3043 353 3118 explicare
373 3059 566 3113 neuportum,
585 3043 639 3096 nisi
657 3043 735 3118 qnod
754 3059 788 3094 ex
805 3043 992 3116 subsequente
1005 3044 1072 3098 dein
1088 3061 1147 3095 eam
1165 3051 1258 3096 natam
1304 3099 1310 3108 ,

211 3155 272 3214 esse
290 3139 433 3210 suspicorr
452 3140 482 3192 id
499 3155 616 3202 moneo,
633 3118 671 3190 'ne
689 3140 751 3210 qais
770 3155 831 3192 cum
849 3140 999 3192 Puteolano
1024 3139 1153 3210 libroque
1171 3137 1196 3188 G
1223 3155 1257 3192 ex
1349 3179 1353 3187 .

211 3220 347 3304 corruptis
365 3235 474 3288 vexilla
497 3236 528 3286 in
546 3234 621 3286 facili
640 3235 807 3288 correctione
827 3235 976 3289 auxiliarii
1005 3237 1156 3304 procudere
1178 3234 1256 3296 velit,

180 3345 182 3349 ’
209 3337 357 3402 propterea
377 3328 451 3400 quod
472 3327 545 3380 idem
565 3344 666 3379 nomen
683 3327 775 3380 statim
794 3330 935 3401 sequitur,
961 3328 1091 3398 quodque
1121 3323 1171 3375 tali
1197 3339 1257 3376 cor-

210 3425 334 3478 rectione
351 3425 466 3476 variatio
486 3439 500 3471 a
522 3421 619 3474 'Facito
639 3429 780 3490 tantopere
800 3419 922 3474 adamata
954 3421 1149 3473 detrimentum
1176 3434 1257 3492 cepe-

211 3521 256 3572 rit.
285 3516 335 3572 Ad
354 3525 443 3569 cetera
463 3514 643 3584 adgredimur.
662 3527 779 3589 quartae
803 3513 933 3570 decumae
961 3526 1052 3566 veram
1084 3525 1142 3568 east
1168 3517 1256 3585 scrip-

161 3620 168 3635 ‘
211 3620 301 3664 taram
320 3612 436 3682 primum
446 3617 553 3678 praeter
567 3607 610 3660 Ma
625 3625 784 3681 quanquam
799 3611 898 3665 leviter
909 3606 1087 3674 inquinatum
1104 3608 1256 3662 ostendunt

211 3708 278 3760 libri
295 3708 417 3780 Lipsiani
439 3714 466 3758 et
487 3703 563 3768 BG,
582 3713 639 3756 tum
657 3721 720 3759 varo
742 3705 872 3771 res-ipsa.
909 3698 978 3750 Nam
998 3699 1166 3764 Britanniam
1187 3705 1254 3758 iada

212 3803 361 3856 aclaudio
383 3803 470 3874 usque
491 3801 526 3850 ad
543 3800 596 3852 boc
612 3807 720 3870 tempus
740 3806 768 3852 et
787 3800 859 3852 ultra
879 3801 1010 3867 quattuor
1026 3798 1148 3878 legiones
1176 3801 1254 3852 cobi-

212 3896 335 3960 bebent,
351 3895 486 3958 secunda,
505 3903 595 3954 nona,
613 3892 848 3961 quartadecuma,
866 3889 1006 3944 vicesima.
1027 3893 1108 3946 Cani.
1128 3894 1159 3966 A.
1175 3893 1210 3946 xi
1216 3895 1251 3956 V,

198 3993 255 4060 ¹37.
275 3991 317 4044 38.
354 3989 394 4041 iix
411 3990 454 4040 his
474 3987 716 4064 quartadecumqpi
736 4003 752 4038 a
771 3987 880 4044 Nerone
898 3984 928 4038 ia
946 3986 1054 4046 ltaliam
1084 3989 1165 4058 acciti
1188 3992 1252 4042 eta

212 4087 328 4139 Vitellio
350 4085 456 4138 remissi
474 4089 537 4134 sunt
557 4081 601 4150 (cf.
623 4081 757 4152 11,6c.):
779 4095 871 4135 corum
893 4087 984 4132 autem
1010 4080 1167 4163 vexillarios
1193 4096 1250 4136 aon

971 4175 1144 4252 ,9q
