2886 4726
224 409 287 472 200
603 393 887 462 ursrontsaun

65 623 90 687 (a
109 621 138 673 C⁸
155 623 210 692 ⁶9)
224 605 259 644 re
279 583 414 666 principe
433 583 555 644 absente
572 593 766 649 statueretur.
806 575 977 644 Censuerat
1003 575 1179 651 Helvidius,
1212 585 1247 636 ut

224 691 408 774 Capitolium
435 691 558 774 publice
586 692 819 770 restitueretur,
852 689 1013 751 adiuvaret
1032 685 1246 766 Vespasianus.

221 795 299 856 Eunt
320 796 498 857 sententiam
518 796 761 858 modestissimus
774 779 909 878 ‘quisque
923 793 1053 870 silentio,
1075 791 1185 852 deinde
1197 791 1248 851 ob·-

221 902 294 972 livio
314 903 494 964 transmisit:
517 905 605 966 fuere
622 907 675 987 qui
699 915 730 966 et
748 906 963 966 meminissent.
1012 901 1093 961 Tum
1115 893 1317 970 invectusil)

221 1017 266 1068 est
285 1008 441 1070 Musonius
457 1009 560 1082 ¹Rufus
580 1013 612 1070 in
634 1007 780 1070 Publium
803 1011 961 1085 Celerem,
995 1029 1014 1068 a
1038 1029 1100 1089 quo
1122 1010 1277 1082 Baresm5

221 1113 372 1174 Sortinum
392 1115 469 1176 salso
491 1117 665 1177 testimonio
682 1117 924 1176 circumventum
943 1115 1099 1196 arguebat.
1141 1114 1186 1173 En
1203 1135 1249 1174 eo-

220 1223 355 1302 goitioue
379 1225 521 1284 renovari
543 1223 612 1292 odie
636 1224 864 1284 accusationum
874 1223 1067 1285 videbantur.
1111 1222 1171 1282 Sed
1182 1221 1247 1284 vilis

220 1337 251 1386 et
273 1347 385 1388 nocens
406 1347 476 1388 reus
495 1330 615 1410 protegi
636 1349 699 1387 non
721 1337 860 1421 poterat:
882 1331 995 1412 qnippe
1017 1326 1126 1390 Sorani
1145 1338 1248 1386 sancta

220 1431 381 1505 memoria3
416 1432 503 1494 Celer
530 1434 682 1514 professos
702 1436 899 1515 sapientiam,
935 1434 1005 1494 dein
1033 1433 1117 1494 testis
1136 1430 1166 1492 in
1190 1435 1249 1494 Ba-

219 1561 322 1612 ream,
345 1538 487 1620 proditor
507 1533 731 1622 corruptorque
752 1540 841 1600 amici
862 1551 892 1601 et
912 1539 998 1600 cuius
1018 1561 1050 1601 se
1072 1539 1247 1620 magistrum
1260 1568 1295 1608 10

219 1647 350 1708 ferebat.
393 1646 551 1706 Proximus
571 1646 635 1706 dies
648 1667 756 1707 causae
776 1647 957 1730 destinatur.
985 1637 1132 1708 Nec'tam
1153 1649 1249 1708 Muso-

221 1756 291 1814 nius
310 1733 369 1812 aut
388 1749 515 1812 Publius
537 1771 630 1834 quam
650 1753 774 1814 Priscus
798 1765 828 1813 et
838 1752 1004 1816 Marcellus
1021 1733 1174 1836 ceterique
1183 1776 1248 1814 mo·

220 1861 258 1920 tis
281 1859 319 1920 ad
341 1858 492 1921 ultionem
511 1859 619 1919 animis
640 1861 902 1942 exspectabantur.

304 1965 373 2026 Tali
404 1983 507 2024 rerum
540 1973 639 2042 statu,
665 1985 737 2026 eum
765 1965 919 2043 discprdie
943 1965 1024 2025 inter
1052 1974 1173 2045 putres,
1204 1959 1305 2036 irati

222 2074 305 2157 apud
324 2077 438 2153 victos,
474 2071 558 2137 nulla
588 2075 620 2132 in
652 2075 819 2134 victoribus
840 2067 1028 2148 auctoritas,
1063 2093 1125 2132 non
1151 2071 1297 2154 leges,t⁵

222 2205 283 2244 non
305 2185 446 2264 princeps
465 2182 496 2241 in
518 2182 640 2262 cisitate
661 2175 770 2258 essent,
791 2183 950 2242 Mucianus
969 2181 1078 2242 urbem
1101 2181 1251 2263 ingressus

221 2303 331 2350 cuncta
351 2283 441 2348 simul
459 2286 491 2345 in
509 2307 541 2346 sc
563 2287 664 2352 traxit.
706 2281 816 2348 Fracta
835 2287 934 2347 Primi
959 2287 1086 2370 Antonii
1112 2288 1250 2372 Varique
1305 2277 1310 2291 ’

222 2394 307 2455 Arrii
329 2395 487 2475 potentia,
518 2395 597 2454 male
628 2395 813 2458 dissimulata
834 2397 865 2456 in
891 2417 942 2455 eos
972 2399 1105 2456 Muciani
1127 2398 1250 2458 iracun-

147 2531 152 2545 ι
176 2587 180 2594 ¹
224 2503 295 2577 die,
317 2503 457 2584 quamvis
477 2499 565 2560 voltu
583 2509 744 2581 tegeretur.
786 2501 846 2560 Sed
864 2499 972 2562 civitas
994 2503 1143 2564 rimandis
1151 2503 1249 2567 offen·

226 2643 461 2666 ....-...-..

201 2753 204 2760 Ι
296 2712 334 2748 ιο.
352 2696 437 2746 assiri
454 2706 481 2750 st
498 2693 620 2762 Lipsius:
638 2696 745 2746 codices
762 2696 911 2748 amicitiae.
928 2725 963 2742 -ι
983 2699 1126 2754 Librorum
1153 2703 1250 2756 vitium

140 2831 144 2838 .
224 2793 265 2844 its
283 2789 356 2840 tueri
369 2787 458 2840 voluit
474 2787 647 2851 waltherus,
665 2798 696 2842 ut
711 2791 793 2844 rerba
811 2794 889 2844 cuius
913 2813 940 2848 ss
959 2801 1118 2868 magistrum
1143 2800 1249 2868 fist-ebat

225 2882 380 2952 significent
396 2882 436 2936 ad
451 2902 537 2956 quem
551 2886 724 2942 institutione
749 2905 800 2940 sua
819 2892 925 2944 Sorano
944 2907 1080 2948 erectorem
1109 2913 1136 2948 se
1164 2898 1248 2947 easti-

226 2981 291 3032 siste
315 2977 430 3046 serebat.
465 2977 519 3031 Sed
543 2981 604 3050 quis
631 2999 750 3052 unquam
778 2982 849 3034 dixit
877 2989 1016 3042 amicitiae
1045 2991 1174 3063 magister
1200 3005 1250 3058 pto
1286 3027 1289 3032 -
1325 3053 1329 3066 ι

226 3083 325 3127 auctor·
342 3071 381 3124 ad
397 3073 547 3126 amicitiam
565 3073 736 3126 ineundam?
753 3077 880 3146 Magister
900 3085 1035 3135 amicitiae
1058 3087 1163 3154 estqui
1182 3085 1252 3134 anti·

227 3167 320 3218 citiam
337 3167 428 3219 docet:
449 3170 530 3222 Celer
545 3177 636 3220 eutem
654 3187 709 3222 uon
721 3175 860 3228 amicitiae
870 3178 916 3228 sed
929 3179 1083 3247 sapientiae
1094 3181 1249 3246 magistrum

228 3278 257 3314 se
276 3262 372 3314 heberi
389 3265 485 3315 voluit.
518 3266 626 3336 Lipsius
643 3269 860 3324 emendationem
878 3289 953 3322 susm
981 3258 1117 3340 praeclare
1143 3275 1250 3326 fulcirit

228 3357 363 3411 luvenalis
389 3358 546 3410 testimonio
570 3361 623 3424 111,
654 3364 708 3416 ιι6.
737 3365 841 3418 διοίσω
868 3366 971 3420 occidit
994 3370 1110 3422 Baream
1123 3395 1126 3402 ·
1140 3369 1253 3420 delator

229 3450 346 3502 amicum
365 3449 581 3524 discipulumque
600 3473 692 3514 sesses.
727 3458 873 3528 Corruptos
902 3463 981 3512 amici
1010 3462 1069 3514 boc'
1091 3462 1151 3514 locu
1178 3479 1250 3514 nove

230 3541 318 3593 dictus
336 3547 383 3612 qui
402 3547 517 3598 amicum
533 3550 659 3614 percellit
678 3553 868 3623 convellitque,
887 3573 955 3626 quae
974 3557 1134 3625 significatio
1154 3574 1169 3606 a
1188 3559 1251 3610 vni·

229 3639 287 3704 gari
307 3637 447 3690 discedens
467 3649 499 3693 ut
513 3659 529 3694 a
545 3642 647 3696 lectore
664 3648 867 3716 perciperetur,
884 3654 1039 3722 praeposito
1058 3649 1185 3723 proditor
1206 3669 1250 3703 sa-

228 3732 337 3800 pienter
354 3743 525 3800 prospectum
543 3745 593 3790 est.

306 3824 343 3874 13.
360 3820 398 3874 ad
415 3825 543 3878 ultionem
553 3825 676 3898 Lipsius:
693 3831 815 3904 plerique
825 3831 1035 3888 artestationibus.
1056 3837 1127 3888 Mox,
1151 3840 1186 3903 st.
1197 3857 1250 3908 pa-

233 3935 286 3973 tres
303 3919 343 3971 G:
362 3919 444 3971 ceteri
459 3934 561 3991 partes,
593 3923 657 3978 dein
675 3943 700 3996 p.
714 3944 779 4008 sor,
799 3945 821 3980 a.
844 3931 952 3998 stipatis
971 3925 1032 3994 Ml,
1052 3931 1122 4000 etp.
1141 3947 1201 3995 sor,
1223 3933 1249 4000 4.
1311 3988 1325 4006 f

236 4011 332 4074 cetea,
356 4029 412 4111 non
430 4014 532 4068 caedes.
