2890 4728
502 471 507 481 ·
586 445 671 512 CAP.
697 449 830 514 19⁶2&
1159 453 1220 518 ³29

139 657 140 662 κ
194 625 266 684 letio
289 643 346 704 pro
360 625 540 687 necessitate
562 638 635 689 erat.
679 629 740 690 lam
763 649 837 690 vero
859 625 1029 708 principum
1049 624 1125 688 filios
1144 627 1220 692 libc-

193 729 309 790 ralibus
322 731 437 794 artibus
458 733 594 814 erudire,
616 745 646 796 et
666 736 783 816 ingenia
795 734 1011 796 Britannorum
1029 735 1134 797 studiis
1147 736 1220 798 Gal·

192 832 480 913 lorum-antcserre‚
513 846 620 924 utqui
644 843 733 903 modo
753 842 886 924 linguam
908 843 1074 904 Romanam
1106 843 1221 903 abnue-

193 943 286 1016 bant,
325 945 527 1028 eloquentiam
558 952 815 1031 concupiscerent.
878 950 951 1012 lnde
980 943 1069 1012 etiarn
1099 949 1240 1009 babitus·

164 1049 289 1112 bnostri
313 1051 415 1116 bonor
438 1064 468 1114 et
488 1054 633 1136 frequens
658 1065 747 1134 toga;
772 1053 976 1136 paulatimque
999 1053 1160 1116 discessum
1181 1051 1221 1114 ad

192 1157 395 1220 delenimenta
416 1163 581 1236 vitiorum,
609 1162 744 1242 porticus
766 1172 796 1222 et
816 1161 925 1222 balnea
956 1172 985 1222 ct
1013 1161 1221 1222 conviviorum

193 1263 403 1348 elegantiam==
427 1266 520 1346 idque
536 1265 630 1347 ‘apud
650 1265 810 1348 imperitos
842 1266 1015 1328 hnmanitas
1041 1265 1220 1338 vocabatur,

194 1391 263 1430 curn
284 1391 358 1452 pars
380 1373 537 1432 servitutis
555 1379 643 1436 essct.

122 1457 184 1540 Ἢ
275 1480 397 1540 Tertius
431 1459 655 1556 erpeditionum
689 1497 787 1538 annus
818 1499 916 1540 novas
947 1489 1050 1560 gentes
1088 1480 1379 1562 aperuit‚(e.u·833)

149 1585 317 1646 cerostatis
335 1605 430 1666 nsque
449 1584 488 1644 ad
511 1585 610 1644 Taum
632 1586 794 1662 (aestuario
811 1606 925 1646 nomen
945 1587 999 1662 est)
1037 1587 1222 1649 nationibus.

193 1692 262 1770 Qua
283 1691 447 1754 formidine
466 1692 562 1752 territi
580 1690 680 1765 hostes
702 1713 876 1776 quanquam
895 1691 1101 1754 conflictatum
1126 1695 1224 1755 saevis

192 1799 418 1879 tempestatibus
437 1799 601 1862 exercitum
630 1799 776 1862 lacessere
803 1821 863 1860 non
892 1801 978 1877 ausi,
1016 1799 1225 1882 ponendisque

191 1903 315 1988 insuper
326 1906 456 1968 castellis
468 1908 597 1989 spatium
617 1907 687 1969 ruit.
731 1906 932 1970 Adnotabant
951 1907 1039 1986 periti
1058 1895 1235 1970 nonalium'

146 1987 158 2016 s
194 2011 299 2074 ducem
324 2016 562 2096 opportunitates
584 2013 725 2074 locorum
754 2014 920 2093 sapientius
950 2009 1073 2097 legisse,
1104 2013 1222 2075 nullum

147 2109 235 2180 15ab
256 2119 402 2200 Agricola
422 2121 557 2202 positum
578 2117 735 2179 castellum
754 2127 808 2177 aut
826 2119 857 2176 ri
870 2116 1002 2178 bostium
1022 2129 1223 2200 expugnatum

194 2235 248 2284 ant
267 2221 405 2306 pactione
426 2247 461 2284 ac
482 2226 552 2305 luga
573 2223 734 2284 desertum.
775 2223 916 2309 Crebrae¹
936 2227 1130 2305 eruptiones:
1153 2247 1225 2288 nam

92 2331 100 2346 ⁸
195 2332 340 2394 aduersus
361 2353 463 2394 moras
483 2330 647 2392 obsidionis
665 2329 773 2390 annuis
808 2329 900 2410 copiis
928 2330 1137 2420 firmabantur.
1178 2334 1225 2394 lte

194 2419 345 2523 intrepida
363 2441 406 2502 ibi
429 2439 543 2517 hiems,
566 2445 598 2499 et
616 2437 675 2500 sibi
694 2435 821 2519 quisque
840 2435 1011 2519 praesidio,
1042 2439 1138 2500 irritis
1168 2438 1225 2501 ho·

196 2550 290 2612 stibus
310 2570 407 2631 eoque
430 2546 676 2630 desperantibus,
697 2547 769 2629 quia
789 2545 874 2607 soliti
903 2540 1083 2630 plerumque
1115 2547 1225 2610 dumne

146 2646 319 2723 waslaris
337 2654 471 2716 bibernis
491 2653 651 2716 eventibus
665 2674 792 2735 pensare
812 2663 876 2715 tum
893 2665 1004 2717 aestate
1026 2664 1115 2737 atque
1126 2653 1226 2718 bieme

196 2768 278 2826 iuxta
298 2763 499 2845 pellebantur.
541 2761 604 2822 Nec
626 2759 767 2842 Agricola
786 2781 919 2844 unquam
956 2783 1013 2843 per
1042 2762 1114 2824 alios
1144 2773 1227 2844 gesta

198 2871 306 2933 avidus
327 2870 509 2948 intercepits
543 2889 595 2927 seu
620 2867 756 2928 centurio
775 2889 828 2929 seu
855 2869 1041 2950 praelectus,
1066 2869 1226 2952 incorrup-

27 3003 28 3012 ¹
197 2987 265 3038 tum
286 2973 356 3034 sacti
376 2981 484 3032 testem
503 2970 641 3032 babebat.
662 3013 664 3016 -
684 2972 774 3055 Apud
790 2975 933 3055 quosdam
949 2973 1087 3036 acerbior
1107 2977 1138 3036 in
1150 2997 1227 3036 con·
1248 2981 1251 2996 ¹

26 3013 33 3191 l
198 3082 284 3146 viciis
303 3079 507 3158 narrabatnr3
530 3088 564 3138 ut
586 3086 653 3139 erat
675 3078 762 3142 bouis
783 3081 895 3162 comis,
926 3083 967 3142 ite
984 3081 1139 3142 'adversus
1160 3101 1226 3142 ma·

150 3185 243 3252 25los
270 3186 463 3250 iniucundus.
504 3186 646 3246 Ceterum
681 3206 715 3245 ex
749 3187 907 3248 iracundia
939 3187 1017 3249 nibil
1048 3195 1225 3270 supererat3
1294 3189 1297 3192 ’

168 3339 172 3348 ·
199 3307 348 3359 secretum
372 3304 403 3356 et
423 3292 576 3357 silentium
599 3293 663 3354 eius
682 3308 744 3353 non
763 3295 896 3356 timeres.
940 3297 1106 3358 Honestius
1133 3304 1226 3377 puta·

200 3405 253 3465 bat
276 3401 429 3464 offendere
448 3421 539 3488 quam
559 3399 666 3460 odisse.

130 3477 191 3558 23
283 3509 401 3586 Quarta
426 3517 521 3568 aestas
546 3505 716 3568 obtinendis
737 3529 815 3588 quae
834 3519 1027 3591 percurrerat
1055 3510 1382 3600 insumpta;(a,u,834)

237 3647 243 3651 ’
274 3675 310 3710 ιι.
328 3655 514 3727 conflictatum
527 3654 650 3723 'positum
663 3669 721 3709 esse
737 3671 787 3724 pro
808 3659 1010 3729 conflictantem
1028 3655 1226 3726 lalsopronuu·
1286 3669 1290 3684 ·’

29 3814 33 3825 μ
202 3748 282 3802 tiarit
297 3751 451 3806 Walchine:
472 3749 670 3819 confilietntum
689 3728 730 3802 est
746 3751 920 3804 vehementer
940 3749 1128 3824 defetigatum·
1190 3780 1192 3786 .

28 3848 51 3916 t,
270 3845 313 3900 25.
334 3845 456 3899 Ceterum
467 3873 497 3888 -·
511 3845 613 3913 odisse]
634 3843 707 3900 llaec
721 3846 829 3918 scripsit
847 3846 982 3902 diversum
1001 3845 1147 3920 respiciens
1169 3845 1228 3900 no·

29 3934 35 3991 l
208 3937 315 3992 mitiani
333 3938 478 4006 ingenium.

274 4035 315 4087 28.
331 4046 505 4102 percurrerat
523 4031 679 4090 Rhenanus:
699 4033 740 4086 ΑΕ
757 4048 961 4105 praecurrerat.
