2890 4728
92 442 125 520 ,·
192 437 266 508 'ise
602 408 849 486 usurariis

208 626 295 705 leges.
335 595 370 679 lu
391 601 583 674 omni'domo
610 606 684 667 nudi
713 626 747 677 ac
775 601 887 664 sordidi
917 600 952 658 in
979 597 1032 656 lios
1063 603 1169 670 artus,
1198 571 1298 654 indo

121 719 125 728 ¹
208 729 283 788 haec
301 741 447 805 corpora,
473 739 550 801 quac
569 693 736 789 miramur,
769 719 951 772 excrescunt.
990 705 1051 764 Sua
1072 719 1233 790 quemque
1312 764 1318 770 ,

210 847 308 898 mater
327 831 473 893 uberibus
492 827 563 901 alit,
586 846 641 888 uec
660 821 777 882 ancillis
795 839 829 878 ac
850 815 1021 876 nutricibus
1047 811 1233 892 delegantur.

209 945 374 1008 Dominum
394 961 429 1000 ac
451 957 569 998 serrum
592 933 683 993 nullis
703 929 888 990 educationis
908 922 1021 984 deliciis
1057 919 1234 1000 dignoscas:

211 1054 291 1114 inter
313 1050 416 1110 eadem
438 1065 569 1128 pecora,
589 1044 621 1100 iu
641 1040 743 1100 eadem
763 1036 858 1095 humo
880 1032 1005 1114 degunt,
1029 1027 1126 1088 donec
1154 1016 1263 1084 aetas5

210 1168 326 1240 separet
347 1157 509 1235 ingenuos,
539 1151 635 1209 virtus
655 1155 808 1228 agnoscat.
852 1143 925 1202 Sera
955 1141 1097 1228 iuvenum
1127 1153 1232 1209 renus,

208 1259 305 1346 ¹eoque
315 1263 489 1324 inexhausta
499 1259 652 1338 pubertas.
693 1253 757 1312 Nec
767 1251 897 1332 virgines
909 1247 1108 1326 festinantiam
1130 1240 1234 1298 eadem

211 1375 355 1444 iuventa,
377 1366 481 1427 similis
507 1363 682 1446 proceritas.
726 1361 818 1419 Pares
846 1356 1024 1433 validaeque
1056 1351 1232 1416 miscentur,

211 1498 246 1536 ac
267 1474 378 1532 robora
399 1479 560 1549 parentum
581 1467 669 1540 liberi
685 1463 839 1522 referunt.
883 1460 1029 1519 Sororum
1063 1455 1129 1514 filiis
1155 1453 1234 1512 idem

211 1579 291 1664 apud
304 1575 487 1638 avonculum
501 1576 554 1656 qui
565 1573 604 1632 ad
624 1575 744 1653 patrem
755 1570 864 1629 honor.
907 1565 1039 1644 Quidam
1056 1565 1235 1624 sanctiorem
1249 1575 1306 1634 to,

210 1692 413 1766 artioremque
435 1683 516 1743 hunc
537 1677 815 1758 nexumsanguinis
836 1674 1035 1746 arbitrantur,
1057 1683 1087 1733 et
1107 1674 1137 1730 in
1159 1672 1236 1730 acci·
1333 1653 1341 1662 ’

115 1844 119 1852 ,
158 1782 163 1792 Ι
211 1792 330 1876 picudis
357 1789 509 1853 obsidibus
539 1787 633 1868 magis
656 1786 793 1866 exigunt,
829 1789 972 1862 tanquam
994 1783 1014 1839 ii
1043 1790 1074 1841 ct
1103 1779 1247 1838 animum.

48 1979 55 1998 ι
181 1900 325 1960 'firmius
346 1910 375 1958 et
395 1898 519 1958 domum
541 1897 629 1956 latius
650 1901 784 1953 teneant.
830 1890 961 1949 Heredes
997 1901 1097 1948 tamen
1120 1905 1237 1946 succes·
1289 1919 1291 1924 ·

211 2029 353 2089 roresque
382 2009 428 2066 sui
455 2003 567 2088 cuique
592 2002 703 2079 liberi;
738 2011 767 2061 et
797 1997 916 2058 nullum
937 2005 1159 2056 testamentum.
1205 1993 1237 2052 Si

211 2116 302 2177 liberi
324 2123 496 2192 unusual,
527 2113 682 2194 proximus
711 2106 821 2188 gradus
852 2105 883 2164 iu
913 2104 1098 2186 possessione
1130 2095 1292 2164 fratrest5

211 2225 309 2306 patrui
332 2220 481 2282 avunculi.
520 2221 646 2298 Quanto
668 2216 737 2298 plus
758 2197 1115 2296 propinquoru1n‚'quo
1144 2212 1242 2270 maior

212 2328 346 2390 affinium
367 2350 522 2402 numerus,
543 2337 629 2386 tanto
655 2323 815 2406 gratiosior
838 2303 999 2396 senectus3
1026 2339 1082 2378 nec
1101 2314 1162 2376 ulla
1185 2339 1240 2378 or.

212 2435 313 2496 bitatis
346 2437 452 2516 pretia.
494 2433 651 2513 Suscipere
685 2441 746 2489 tam
776 2427 947 2487 iuimicitias
974 2445 1026 2486 seu
1060 2425 1155 2504 patris
1187 2391 1302 2484 seuffl

146 2538 154 2554 ⁸
214 2541 381 2622 propinqui
408 2559 499 2620 quam
533 2529 680 2598 amicitias
709 2555 826 2594 necesse
858 2544 910 2593 est.
951 2533 1014 2592 Nec
1038 2531 1242 2612 implacabiles

163 2725 166 2730 ,
215 2649 350 2708 durant:
373 2646 469 2704 luitur
490 2645 570 2703 enim
593 2643 683 2702 etiam
706 2639 898 2699 homicidium
925 2647 1008 2699 certo
1029 2650 1241 2717 armentorum
1251 2645 1293 2686 ²0

216 2770 417 2833 acpecorum
438 2769 572 2824 numera,
594 2749 760 2834 recipitque
782 2744 1014 2806 satisfactionem
1034 2745 1171 2807 universa
1183 2745 1241 2806 do-

217 2877 302 2927 mus,
325 2854 438 2915 utiliter
458 2858 489 2918 in
507 2856 679 2937 publicum,
704 2856 774 2936 quia
795 2847 1022 2936 periculosiores
1048 2865 1118 2916 sunt
1136 2853 1242 2916 inimi-

217 2963 304 3025 citiae
323 2961 602 3046 iuxtalilscrtatem.
720 3029 722 3032 ,
1164 2953 1171 2964 “

302 3067 498 3136 Convictibus
516 3081 546 3132 et
565 3071 701 3152 hospitiis
718 3091 780 3132 uon
808 3071 867 3131 alia
882 3092 959 3152 gens
984 3071 1108 3134 effusius
1139 3071 1241 3132 indul·

219 3185 280 3258 get.
325 3176 545 3259 Quemcunque
565 3177 740 3238 mortalium
761 3199 861 3239 arcere
884 3190 964 3238 tecto
989 3180 1069 3239 nefas
1089 3164 1291 3256 liabetursffl,

218 3304 276 3364 pro
297 3281 417 3343 fortuna
435 3286 561 3366 quisque
581 3285 729 3366 apparatis
765 3283 858 3366 epulis
881 3284 1007 3364 excipit.
1048 3281 1125 3341 Cum
1156 3283 1241 3344 defc-

207 3395 304 3469 'cere,
326 3392 378 3471 qui
396 3391 486 3452 modo
507 3391 613 3472 hospes
636 3393 751 3468 luerat,
784 3403 966 3452 monstrator
987 3389 1115 3472 hospitii.
1131 3399 1173 3450 et.
1187 3411 1239 3450 cc-

220 3517 302 3557 mes:
327 3499 491 3578 proximam
505 3497 628 3557 domum
649 3519 710 3557 noa
724 3497 842 3557 invitati
858 3495 980 3556 adeunt.
1022 3499 1083 3576 Nec
1095 3495 1238 3557 interest:

221 3604 286 3689 pari
302 3603 486 3666 humanitate
495 3605 694 3688 accipiuntur.
738 3603 852 3666 Notum
864 3606 1077 3687 ignotumque,
1091 3612 1240 3685 quantum

222 3709 261 3772 ad
286 3710 330 3770 ius
352 3711 485 3793 hospitis,
510 3710 770 3793 nemo‘disceruit.
791 3711 968 3792 *Abeunti,
994 3712 1022 3774 si
1047 3707 1122 3796 quid
1147 3703 1293 3792 popo-30

296 3951 334 3989 η.
352 3938 375 3990 ἰί
393 3912 552 3991 Rhenanam
566 3937 672 3992 codices
691 3937 729 3988 in.

233 4086 237 4096 ,
296 4047 331 4101 17.
351 4034 490 4105 gratiorll
507 4037 540 4102 T,
555 4034 652 4092 mediis
670 4032 769 4089 litteris
786 4019 899 4086 omissis.
945 4059 949 4073 ‹
