2912 4730
199 428 256 490 155
366 487 441 524 ν,
566 417 858 483 ursrouuuuu

36 606 108 674 (sc.
127 605 393 682 ‘ie-tvirettianos,
424 625 478 665 sua
509 624 658 686 quemque¹
689 606 769 686 apud
801 607 903 686 sigua,
931 595 1140 686 'componunt
1182 592 1234 664 Et⁸

195 716 293 777 victae
319 711 453 796 legiones
485 735 524 774 uc
544 724 685 774 manente
717 713 818 775 adhuc
846 711 930 773 civili
966 693 1047 773 belld
1079 710 1237 793 ambigue

152 819 155 827 ’
195 831 339 902 agerent,
362 839 418 902 per
439 813 596 900 llly‘ricum
615 817 774 899 dispersae.
802 819 855 895 ,ln
875 819 1063 878 Britanniam
1093 817 1165 878 iude
1194 829 1225 878 et

197 925 358 1008 Hispanias
375 924 501 985 nuntios
521 923 712 1006 famamque,
743 925 775 984 in
797 921 925 984 Galliam
947 925 1055 984 lulium
1078 925 1224 985 Calenum

196 1033 369 1111 tribunum,
392 1035 424 1092 iu
448 1032 644 1094 Germaniam
660 1031 816 1114 Alpinium
836 1033 1015 1090 Montanum
1040 1029 1254 1112 praesectum5

197 1140 347 1216 cohortis,
370 1139 454 1221 qnod
474 1139 523 1200 hic
540 1140 668 1215 Trevb,
698 1125 828 1201 Calenus
848 1139 987 1217 Aeduus,
1021 1151 1152 1220 uterque
1171 1139 1227 1198 Vi·

198 1249 314 1312 telliani
336 1247 474 1324 fueraut,
494 1248 626 1308 ostentui
649 1249 769 1307 misere.
812 1247 909 1308 Simul
937 1249 1081 1309 transitus
1103 1247 1225 1329 Alpium

198 1352 353 1440 praesidiis
373 1339 529 1439 coccapati,
550 1365 691 1436 suspecta
713 1357 895 1432 Germania,
924 1369 1073 1439 tanquam
1090 1359 1123 1416 in
1142 1357 1228 1416 auxi-

199 1465 274 1524 liunt
295 1461 410 1524 Vitellii
431 1465 656 1544 accingeretur.
735 1460 744 1480 l

283 1571 323 1630 At
342 1565 482 1627 Vitellius
502 1567 637 1650 profecto
658 1565 806 1644 Caecina,
830 1587 900 1628 cum
918 1567 1049 1628 Fabium
1068 1569 1225 1630 Valentem
1238 1562 1292 1640 36

199 1677 305 1759 paucis
336 1685 404 1758 post
435 1673 541 1736 diebus
572 1673 612 1735 ad
641 1673 757 1736 bellum
789 1675 973 1756 impulisset,
1009 1676 1091 1737 curis
1125 1677 1227 1738 lusum

173 1786 393 1862 ,obtendebat
434 1785 505 1864 tlon
525 1802 634 1866 parare
658 1805 769 1862 arma,
792 1805 854 1847 non
869 1783 1012 1870 adloquio
1026 1787 1229 1866 exercitioque
1259 1847 1260 1859 ,

200 1893 328 1954 militam
349 1892 491 1971 firmare,
516 1913 580 1954 non
602 1893 634 1954 in
656 1913 709 1953 ore
731 1893 810 1974 volgi
831 1915 943 1975 agera3
966 1895 1018 1955 sad
1042 1895 1227 1956 umbraculis

201 2002 360 2062 hortorum
381 1999 535 2074 abditus,
557 2011 593 2060 ut
619 1995 728 2082 ignava
757 2001 917 2078 animalia,
948 2001 1058 2082 quibus
1084 2001 1242 2064 sicibum·

200 2129 361 2191 suggeras,
377 2109 491 2168 'iacent
520 2115 727 2203 toppentque,
757 2110 917 2189 praeterita
953 2108 1095 2168 instantia
1127 2109 1277 2184 sutura15

200 2217 268 2299 pari
289 2215 446 2276 oblivione
467 2215 630 2281 dimiserat.
673 2215 777 2298 Atque
799 2213 886 2282 illum
910 2216 940 2276 in
963 2237 1086 2278 nemore
1105 2217 1227 2278 Aricino

200 2326 334 2386 desidem
366 2336 396 2386 ct
424 2335 609 2386 marcentem
630 2323 763 2406 proditio
785 2326 893 2388 Lucilii
925 2325 1006 2386 Bassi
1023 2331 1074 2386 'ac
1101 2325 1228 2387 defectio

122 2494 126 2504 ,
201 2431 299 2492 elassis
319 2431 502 2493 Ravennatis
531 2429 675 2513 perculit.
718 2431 782 2494 Nec
813 2431 912 2492 multo
939 2441 1010 2513 post
1038 2433 1076 2494 de
1099 2434 1228 2494 Caecina
1300 2507 1305 2520 .

202 2539 331 2600 affertur
350 2540 459 2600 mixtus
483 2539 593 2620 gaudio
612 2538 724 2612 dolor,
754 2551 784 2600 et
805 2538 962 2600 descivisse
983 2549 1015 2600 et
1034 2539 1074 2600 ab
1094 2543 1225 2601 exercitu

180 2636 350 2708 'vinctum
389 2641 463 2704 Plus
484 2645 566 2725 apud
587 2645 746 2706 socordem
767 2645 899 2706 animum
923 2644 1035 2706 laetitia
1049 2669 1139 2729 quem
1155 2655 1275 2707 cusano

203 2754 309 2815 valuit.
351 2750 449 2812 Multa
473 2773 542 2812 cum
568 2751 768 2824 ¹exsultatione
794 2752 827 2810 in
849 2750 968 2811 vrbem
998 2765 1137 2816 revectus
1165 2755 1226 2815 fre·

204 2861 309 2942 quenti
335 2861 477 2919 concione
504 2861 646 2940 pietatem
665 2858 794 2918 militum
814 2856 953 2919 laudibus
974 2863 1119 2924 cumulat.
1162 2861 1227 2922 Pu.

204 2967 300 3030 blium
320 2965 465 3026 Sabinum
486 2969 635 3048 praetorii
663 2965 847 3046 praefectum
874 2966 913 3026 ob
938 2967 1110 3028 amicitiam·
1123 2969 1228 3032 Caeci·

205 3095 263 3136 nae
286 3075 395 3136 vinciri
425 3073 530 3150 iubet,
560 3074 720 3135 substituto
744 3069 775 3130 in
798 3069 898 3134 locum
917 3076 980 3135 eius
1000 3074 1111 3136 Alfeno
1132 3075 1226 3136 Varo.

205 3185 278 3243 Mox
303 3193 439 3244 senatum
467 3181 632 3262 composita
652 3181 683 3240 in
707 3180 958 3260 magnificentiam
977 3181 1119 3242 oratione
1136 3181 1226 3242 adlo-
1238 3181 1290 3261 37

206 3300 291 3350 cutus
320 3287 471 3370 exquisitis
498 3299 619 3367 patrum
649 3285 870 3350 adulationibus
895 3287 1049 3357 attollitur,
1104 3289 1228 3351 Initium

188 3397 320 3456 'atrocis
347 3399 379 3456 in
402 3393 562 3456 Caecinam
589 3395 756 3456 sententiae
787 3415 804 3456 a
825 3397 920 3458 Lucio
941 3393 1069 3456 Vitellio
1088 3393 1224 3474 factum3

207 3501 275 3562 dein
298 3506 392 3565 ceteri
412 3502 576 3584 composita
599 3498 823 3586 indignatione,
855 3502 939 3584 quod
961 3499 1063 3563 consul
1083 3523 1147 3564 rem
1168 3523 1226 3584 pu·

206 3610 337 3688 blicam,
366 3613 425 3674 dux
453 3599 683 3695 imperatorem,
716 3613 807 3676 tantis
837 3613 946 3694 opibus
974 3621 1022 3672 tot
1053 3610 1226 3674 honoribus

207 3719 378 3778 cumrrlatus
399 3720 528 3780 amicum
548 3721 746 3800 prodidisset,
774 3701 856 3781 reiut
875 3741 928 3800 pro
947 3717 1072 3780 Vitellio
1094 3721 1274 3801 conque-30

209 3839 309 3888 rantes
329 3846 416 3886 suum
438 3825 571 3888 dolorem
583 3831 787 3910 proferebant.
832 3825 919 3888 Nulla
934 3828 964 3888 in
980 3828 1115 3890 oratione
1126 3830 1225 3890 cuius·

208 3963 491 3978 Ἥρα-ι*

286 4034 326 4077 aa,
343 4017 487 4090 plebalium
505 4013 561 4078 M³,
583 4026 609 4069 et
628 4036 652 4088 p.
674 4019 738 4085 157,
755 4035 780 4085 9.
800 4017 900 4069 rebilus
921 4015 1010 4072 6Μῆ
1078 4008 1081 4013 ’
