2890 4728
247 401 306 462 aas
375 354 379 372 ’
639 385 881 449 uerissime

170 580 175 588 '
245 579 314 652 lias,
336 577 487 637 ventosior
507 592 564 653 qua
589 571 732 631 Noricum
758 591 793 632 ao
819 570 1010 632 Pannoniam
1043 568 1163 650 aspicit;
1198 568 1268 628 satis

143 704 147 712 ·
247 688 345 760 ferax,
367 681 579 765 frugiferarum
600 681 747 742 arborum
772 679 941 758 impatiens,
965 671 1105 759 pecorum
1127 663 1267 749 fecunda,

246 795 299 856 ted
319 791 497 874 plerumque
518 793 696 870 inprocera.
737 789 779 852 lle
803 789 945 848 armentis
966 785 1090 869 quidem
1122 803 1192 844 suus
1214 783 1269 842 bn·

103 923 107 934 ·
197 908 201 920 ’
247 923 302 962 nor
323 911 374 960 aut
393 896 485 980 gloria
506 895 621 956 frontis.
665 882 797 957 Numero
818 894 967 976 gaudent,
996 913 1108 976 eaeque
1139 890 1219 950 solae
1240 900 1272 950 et

122 993 146 1074 ζ’·
248 1006 431 1089 gratissimae
449 1024 523 1085 opes
544 1011 623 1064 suut.
666 1003 837 1085 Argentum
859 1012 888 1062 et
908 1023 1018 1064 nurum
1039 999 1201 1084 propitiine
1231 995 1299 1058 an5

11 1111 12 1158 i
247 1113 315 1172 irati
334 1110 365 1170 di
388 1110 563 1193 negaverint
583 1107 701 1173 dubito.
744 1109 809 1169 Nec
829 1117 928 1170 temen
955 1104 1169 1168 affirmaverim
1199 1107 1270 1167 nul.

135 1223 140 1232 '
199 1231 203 1238 '
248 1218 308 1278 lam
328 1217 507 1278 Germaniae
529 1238 635 1280 venam
665 1226 825 1298 argentum
857 1233 1004 1278 aurumve
1033 1217 1173 1298 gignere:
1207 1218 1272 1295 quis

248 1327 330 1385 euim
349 1335 495 1386 scrutatus
516 1329 579 1384 est?
596 1325 782 1406 possessione
804 1331 834 1384 et
854 1344 911 1384 usu
936 1321 1020 1386 haud
1049 1320 1177 1404 perinde
1207 1320 1272 1380 affi-

145 1457 150 1464 ·
248 1430 383 1490 ciuntur.
425 1431 480 1518 Est
501 1428 604 1492 videre
626 1427 707 1508 opud
726 1425 793 1488 illos
818 1437 964 1510 argentea
995 1448 1084 1502 vasa,
1112 1427 1215 1512 legatis
1241 1440 1280 1518 et-

248 1537 432 1618 principibus
452 1557 556 1598 corum
577 1537 698 1598 muneri
720 1535 789 1596 data
800 1581 809 1612 ‚
832 1557 893 1597 nnn
918 1536 948 1596 in
971 1535 1029 1598 alia
1049 1536 1164 1599 vilitate
1181 1562 1272 1622 quam
1287 1561 1325 1599 ro

248 1665 326 1726 quae
346 1643 440 1704 humo
458 1643 630 1726 finguntur,
657 1661 830 1726 quanquam
852 1643 978 1723 proximi
999 1644 1040 1704 ob
1074 1666 1161 1708 unum
1188 1668 1272 1708 cuna·

249 1752 438 1812 merciorum
458 1773 569 1812 aurum
590 1763 619 1815 et
640 1763 801 1834 argentum
824 1752 855 1812 in
878 1753 976 1834 pretio
993 1752 1123 1830 habent,
1147 1753 1272 1812 formas-

248 1879 309 1938 que
336 1857 481 1940 quasdam
505 1869 624 1920 unsuae
653 1859 799 1940 pecuniae
827 1869 993 1940 agnoscunt
1026 1870 1117 1941 atque
1139 1857 1270 1939 eligunt:

249 1964 406 2026 interiores
435 1962 595 2044 simplicius
632 1975 662 2024 et
694 1962 845 2046 antiquius
873 1963 1100 2046 permutatione
1125 1965 1272 2028 mercium

249 2081 387 2134 utuntur.
428 2072 592 2136 Pecuniam
613 2071 743 2150 probant
764 2083 899 2132 veterem
919 2083 948 2132 et
968 2071 1021 2132 diu
1041 2084 1157 2151 notam,
1177 2067 1325 2132 serra-15

250 2193 297 2241 tos
317 2181 499 2262 bigatosque.
542 2182 709 2260 Argentum
731 2201 851 2262 quoque
871 2183 964 2264 magis
989 2203 1080 2263 quom
1100 2201 1209 2242 aurum
1225 2200 1273 2239 se.

249 2297 397 2368 quuntur,
421 2285 503 2349 nulle
528 2279 690 2348 affectione
708 2281 819 2365 irnimi,
841 2285 893 2352 sed
914 2289 984 2368 quia
1009 2308 1273 2367 uumerusargen·

249 2404 369 2454 aeorum
389 2393 507 2456 facilior
527 2397 593 2454 usui
614 2406 659 2456 est
693 2398 865 2475 promiscua
892 2417 928 2456 ae
958 2395 1028 2454 vilia
1058 2394 1271 2455 mercantibus.

250 2503 293 2562 Ne
313 2503 431 2564 ferrum
454 2501 576 2581 quidem
596 2515 747 2582 superest,
771 2505 850 2564 sicut
871 2523 1035 2582 exgenere
1058 2501 1186 2562 telorum
1209 2484 1312 2562 col-6

249 2605 359 2684 ligitur.
401 2608 474 2676 Rari
488 2605 595 2688 gladiis
608 2618 659 2666 aut
678 2608 840 2668 maioribus
850 2606 962 2668 lanceis
973 2617 1108 2668 utuntur.
1152 2607 1326 2680 Hastas,2u
1433 2645 1434 2688 q

250 2711 298 2770 vel
318 2712 454 2793 ipsorum
475 2712 626 2775 vocabulo
653 2713 797 2788 frameas,
833 2725 941 2796 gerunt
970 2725 1095 2797 angusto
1126 2723 1156 2774 et
1186 2715 1275 2775 brevi

251 2815 350 2892 ferro,
381 2815 433 2881 sed
457 2819 498 2878 ita
520 2821 581 2886 aeri
604 2829 635 2882 et
663 2819 701 2880 ad
731 2841 820 2880 usum
851 2821 960 2899 habili,
993 2832 1026 2884 ut
1053 2821 1159 2882 eodem
1195 2824 1273 2896 telo,

251 2928 342 2999 prout
361 2924 437 2982 rolin
459 2928 571 3004 poscit,
593 2926 640 2986 vel
662 2928 828 2987 comminus
849 2930 899 2988 vel
918 2932 1035 2990 eminus
1054 2941 1200 3012 pugnent.
1232 2931 1275 2992 Et

251 3009 341 3108 eques
361 3028 481 3108 quidem
503 3042 587 3092 scuto
609 3032 783 3116 frameaque
815 3045 972 3096 contentus
1004 3045 1065 3098 est:
1101 3038 1213 3120 pedites
1245 3051 1278 3100 et

253 3133 373 3194 missilia
392 3148 551 3216 spargunt,
577 3136 664 3218 plura
685 3137 814 3220 singuli,
846 3152 936 3222 atque
956 3141 988 3200 iu
1017 3143 1197 3204 immensum
1226 3145 1272 3204 vi·
1285 3139 1325 3200 25

248 3239 356 3320 'brant,
377 3242 452 3304 nudi
474 3254 525 3304 eut
547 3245 651 3328 sagulo
672 3245 760 3308 leves.
802 3249 889 3310 Nulla
910 3248 1009 3311 cultus
1029 3250 1167 3310 iactatio:
1188 3263 1274 3310 scuta

216 3397 220 3404 .
253 3360 369 3438 tantuna
389 3347 556 3412 lectissimis
589 3353 741 3415 coloribus
773 3355 969 3438 distinguunt.
1010 3357 1119 3418 Paucis
1151 3357 1272 3434 loricae,

253 3455 300 3513 vix
321 3458 374 3516 uni
394 3459 520 3520 alterive
541 3462 629 3522 caesis
648 3473 701 3521 aut
730 3461 822 3543 galea.
864 3464 943 3546 Equi
974 3484 1034 3526 uun
1063 3464 1176 3539 forma,
1209 3485 1275 3524 non

250 3563 480 3585 ---.„-...

326 3631 363 3666 ro.
382 3617 504 3688 vilitate]
522 3619 721 3686 Exspectaverit
734 3618 833 3688 aliquis
851 3620 941 3688 potius
960 3623 1075 3676 caritate
1103 3617 1148 3674 vel
1173 3622 1275 3692 prurr'o,

252 3705 301 3756 scd
321 3709 434 3776 scriptor
450 3729 507 3763 non
524 3715 555 3764 in
575 3713 635 3764 ulia
654 3719 781 3780 tauquam
800 3729 853 3764 uua
874 3729 938 3765 voce
966 3730 1031 3766 usus
1059 3729 1108 3783 pro
1132 3717 1197 3786 pari
1223 3731 1275 3782 pn-

253 3800 315 3850 suit·
351 3803 407 3854 Hoc
424 3808 472 3872 qui
489 3821 544 3856 uun
565 3805 764 3872 intelligerent,
794 3805 990 3876 interpolavere
1007 3807 1149 3870 utilitate,
1178 3813 1209 3857 ut
1231 3815 1276 3860 est

68 3961 73 3970 ι
166 3923 175 3930 -
255 3897 283 3946 in
305 3892 397 3944 codice
415 3895 621 3950 vindobonensi
641 3899 835 3968 nonnullisque
854 3899 971 3967 antiquis
992 3881 1169 3951 editionibus.

258 4049 264 4060 ἱ
322 3989 360 4038 25.
381 3991 516 4061 pluraque
535 3992 573 4054 ll,
591 4000 619 4044 et
636 3997 677 4049 28.
697 3994 793 4060 galeae
812 4009 904 4043 omnes
922 4000 1028 4061 praeter
1043 3995 1074 4046 T.
