2886 4726
222 379 281 444 198
597 359 890 430 eustouttuuu

60 565 87 631 (a
109 560 138 614 C
149 563 206 641 69.)
219 574 360 620 comeare
373 491 563 636 adgreditur.
604 549 650 610 En
674 547 771 628 ιιιιιο,
792 546 941 609 incertum
959 539 1113 604 maiorm
1126 530 1251 612 iustior,

219 671 357 725 senatum
384 662 417 721 in
442 659 542 722 studia
562 655 743 718 diduxeratr
772 673 844 744 uam
871 651 898 714 ιι
921 647 1048 710 cadere
1076 639 1250 718 Marcellus,

219 771 327 856 agbreu
356 786 477 830 reorum
507 761 710 831 sternebatur.
759 758 866 821 Primo
891 755 996 814 minax
1025 760 1198 823 certamen,
1218 753 1251 806 et

219 875 345 962 egregiis
366 875 524 954 utriusque
544 866 734 935 oratiuoibus
746 872 901 932 testatum.
943 855 1120 918 Moxdubia
1136 850 1250 910 volun·

129 1013 134 1030 ·
220 997 283 1050 tate
317 983 453 1056 Galbae,
500 977 604 1042 multis
639 985 813 1040 renatorum
853 965 1109 1054 deprecantibus,
1149 960 1278 1026 omisit5

220 1093 367 1171 Priscus,
395 1089 505 1168 variis,
532 1095 578 1148 ut
598 1094 669 1148 sunt
696 1081 857 1144 bominum
890 1077 1034 1162 ingenia,
1061 1069 1278 1134 sermonibus

222 1199 459 1285 moderationem
476 1193 669 1258 laudantium
689 1199 744 1252 aut
762 1186 963 1250 coenantium
977 1179 1210 1264 requirentium.

304 1306 448 1368 Ceterum
475 1321 512 1362 eo
533 1309 656 1362 senatus
684 1296 745 1372 dic,
773 1313 835 1376 quo
864 1290 934 1356 de
922 1289 1055 1374 imperio
1075 1284 1252 1366 Vespasiani

222 1411 403 1517 censebant,
434 1407 592 1491 placuerat
621 1404 704 1466 mitti
735 1401 775 1464 ad
802 1400 974 1482 principem
999 1396 1125 1478 legatos.
1174 1396 1252 1454 iliae

224 1525 303 1584 iuter
335 1513 510 1589 Heluidium
539 1522 569 1570 et
591 1509 724 1590 Eprium
753 1527 824 1568 aere
848 1506 993 1586 iurgium.
1035 1501 1161 1560 Priscus
1182 1497 1300 1583 eligiw

227 1625 407 1694 nominatim
423 1643 444 1683 a
461 1616 686 1698 magistratibus
706 1615 830 1692 iuratis,
849 1609 1009 1678 Marcellus
1029 1629 1138 1668 urnam
1152 1615 1251 1690 postu·

224 1739 331 1813 labet,
353 1750 432 1812 quae
454 1723 586 1790 consolis
606 1722 754 1804 designati
771 1718 924 1796 sententia
937 1717 1050 1784 fuerat.
1090 1714 1151 1780 Sed
1173 1691 1288 1772 unni

225 1839 297 1906 calli
324 1837 457 1902 studium
487 1835 629 1918 proprius
654 1831 750 1892 rubor
785 1828 957 1902 excitabat,
990 1845 1031 1888 ne
1062 1819 1130 1882 aliis
1158 1821 1256 1887 electis

225 1944 420 2030 posthabitus
440 1940 625 2004 crederetur
664 1937 877 2017 Paulatimque
896 1955 953 2018 per
975 1925 1202 1998 altercationem
1215 1928 1255 1990 ιιιι

225 2057 385 2118 continuas
409 2062 441 2115 et
474 2047 596 2110 infestas
624 2047 773 2108 matioues
803 2042 941 2124 provecti
968 2048 1057 2114 sunt,
1092 2045 1253 2120 quaerente
1267 2048 1306 2113 15

181 2161 187 2179 '
229 2162 372 2226 Helvidio
399 2157 474 2240 quid
494 2159 537 2218 ita
554 2151 716 2218 Marcellus
740 2151 889 2214 iudicium
910 2150 1140 2230 magistratuum
1160 2167 1256 2227 pave-

225 2279 344 2332 sceretc
376 2287 439 2328 esse
469 2263 513 2326 illi
545 2260 707 2346 peccuniam
738 2267 771 2324 et
796 2257 1015 2342 eloquentiam,
1048 2253 1118 2336 quis
1146 2250 1259 2315 multos

148 2448 152 2454 ,
229 2377 376 2454 anteiret,
398 2377 431 2436 ui
446 2369 591 2436 memoria
612 2368 793 2450 flagitiorum
814 2375 987 2450 urgeretur.
1028 2363 1161 2424 Sorteet
1177 2381 1256 2427 urna

173 2483 191 2566 j
226 2503 329 2546 morer
354 2501 419 2542 non
448 2477 601 2540 discerni:
633 2475 775 2558 suffragia
802 2482 834 2533 et
860 2471 1108 2533 existimationem
1134 2477 1256 2530 senatus

228 2587 425 2672 reperta,'nt
441 2585 473 2646 ιιι
486 2585 630 2664 cuiusque
644 2584 737 2640 vitam
752 2579 923 2658 famamque
939 2586 1140 2658 penetrarent.
1179 2575 1256 2660 Per·
1266 2596 1309 2638 aa
1389 2553 1421 2600 ,3

230 2697 329 2758 tinere
347 2693 387 2752 ad
406 2687 569 2754 utilitatem
597 2687 817 2769 reipublicae,
846 2687 1000 2766 pertinere
1020 2685 1059 2746 ad
1081 2685 1256 2768 Vespasiani

231 2802 397 2875 bonorem,
427 2816 589 2860 cucumere
612 2795 658 2856 illi
676 2817 755 2878 qnos
777 2795 1037 2856 innocentissimos
1060 2805 1181 2855 sanabis
1203 2791 1256 2852 ba·
1281 2786 1283 2790 ’

231 2909 319 2986 beat,
347 2905 400 2990 qni
418 2903 549 2968 honestis
569 2906 758 2968 sermonibus
784 2881 874 2964 aures
894 2904 1087 2985 imperatoris
1108 2899 1257 2960 imbuant.

232 3013 348 3076 Fuisse
356 3014 541 3098 Vespasiano
565 3015 727 3076 amicitiam
747 3034 817 3074 cour
834 3013 991 3086 Thrasea,
1018 3010 1155 3086 Sorano,
1180 3008 1255 3066 Sen-

233 3121 277 3184 tio
285 3167 296 3202 ,
315 3144 445 3206 quorum
464 3105 653 3184 accusatores
669 3122 783 3183 etianmi
796 3124 899 3203 puniri
913 3143 974 3181 non
987 3127 1136 3198 oporteat,
1156 3125 1256 3174 osten·
1267 3103 1309 3164 25

168 3272 174 3284 s
234 3229 292 3289 tari
322 3250 384 3292 nou
417 3229 541 3292 debere.
595 3231 662 3292 Hoc
693 3240 811 3292 senatus
843 3229 956 3290 iudicio
985 3225 1068 3296 velut
1101 3221 1256 3281 admoneri

235 3335 402 3416 principem
421 3355 499 3416 quos
516 3335 644 3416 probet,
672 3355 747 3418 quos
768 3335 951 3401 reformidet.
1001 3329 1139 3403 Nullum,
1161 3333 1258 3392 maius

235 3439 338 3500 boni
329 3442 447 3524 imperii
467 3443 702 3504 instrumentum
721 3464 814 3524 quam
834 3443 930 3510 bunos
950 3439 1062 3504 amicos
1081 3457 1154 3499 esse.
1196 3437 1255 3498 Sa.

237 3549 276 3606 ιιι
305 3549 449 3612 Marcello
479 3549 563 3633 quod
591 3551 779 3612 Neronem
771 3573 802 3612 ro
821 3553 946 3613 exitium
971 3555 1019 3608 tot
1046 3542 1256 3606 innocentium

236 3653 412 3734 impulerit:
437 3658 591 3720 frueretur
610 3658 753 3741 praemiis
772 3669 803 3718 et
826 3657 1016 3740 impunitate,
1040 3651 1256 3733 Vespasianum
1269 3651 1309 3708 ιο

238 3759 414 3824 melioribus
431 3763 630 3851 relinqueret.
683 3763 845 3828 Marcellus
876 3787 937 3824 non
966 3781 1051 3823 suam
1074 3748 1297 3826 senteutiam8

240 3931 476 3944 manum-u...-

1420 3819 1421 3852 ι

1420 3853 1421 3890 ι

311 4027 350 4067 11.
366 4029 484 4070 nurerum
503 4016 553 4068 ιιιι.

1368 4291 1421 4346 ι

1420 4353 1421 4434 ι
