2890 4728
213 397 274 460 aar
411 459 414 465 ,
622 385 857 448 roriconis

211 583 277 634 tum
298 579 329 632 et
347 571 404 630 alia
427 569 559 646 metalla,
579 569 714 650 pretinm
735 569 891 634 victoriae.
936 566 1042 672 Gignit
1062 577 1093 628 et
1106 567 1248 632 Oceanus

212 680 384 760 margarita,
409 678 460 740 sed
484 677 624 762 subfusca
647 697 684 736 ao
703 677 836 738 liventia.
880 674 1126 753 Quidamartem
1146 677 1248 738 abesse

212 786 380 868 legentibus
402 772 701 846 arbitrantnranam
724 784 755 844 in
777 783 871 844 rultto
893 784 971 844 inari
991 785 1062 844 viva
1078 803 1114 843 no
1133 785 1249 864 spiram

213 893 354 958 tiaisaxis
374 891 482 966 evelli,
505 891 536 950 in
557 889 732 966 Britannia,
753 899 843 970 prout
864 887 987 968 expulsa
1010 887 1098 966 sint,
1133 891 1250 973 colligi.

213 1000 278 1080 Ego
298 997 413 1058 facilius
435 997 626 1058 crediderim
646 992 788 1060 naturam
819 995 993 1076 margaritis
1023 994 1124 1056 deesse
1154 1017 1283 1080 quam5

215 1109 302 1168 nobis
323 1107 494 1166 avaritiam.

234 1247 236 1253 ·
299 1215 359 1293 lpsi
381 1214 518 1273 Britanni
538 1213 690 1276 delectum
711 1233 746 1272 ac
770 1211 885 1272 tributa
906 1220 937 1272 et
965 1211 1102 1270 iniuncta
1131 1211 1250 1292 imperii
1265 1201 1318 1280 13

102 1357 107 1367 -
216 1343 344 1381 munera
366 1321 495 1399 impigre
517 1321 652 1396 obeunt,
673 1318 699 1378 si
720 1316 988 1378 iniuriaesabsint:
1012 1315 1068 1394 has-
1089 1333 1179 1396 aegre
1201 1325 1251 1376 to·

216 1426 326 1495 lerant,
354 1425 411 1482 iam
435 1424 542 1482 dorniti
563 1435 597 1483 ut
616 1431 764 1504 pareant,
787 1421 924 1510 nondum
947 1431 982 1480 nt
1002 1423 1145 1482 serviant.
1188 1417 1273 1504 lgi-x

217 1545 270 1590 tnr
288 1532 401 1611 primus
416 1531 558 1588 omniurn
573 1530 779 1588 Romanorum
795 1514 888 1590 'divus
911 1527 1006 1588 Iulius
1029 1548 1100 1588 enm
1120 1529 1305 1600 exerciturm

218 1637 600 1725 Britanniamingressus,
619 1659 792 1719 quanquam
813 1659 958 1720 prospera
979 1657 1080 1722 pugna
1109 1639 1252 1698 terruerit

218 1737 335 1806 indoles
356 1769 389 1805 ac
412 1745 516 1808 littore
536 1751 649 1828 potitus
670 1749 726 1826 sit,
750 1757 850 1828 potest
877 1748 975 1808 videri
1006 1746 1173 1808 ostendisse
1192 1767 1253 1828 po-

218 1853 316 1929 eteris,
335 1875 395 1914 non
419 1854 584 1916 tradidisse.
615 1858 685 1916 Mox
698 1854 777 1918 bella
791 1855 905 1934 civilia,
921 1867 952 1918 et
965 1857 996 1916 in
1013 1876 1078 1916 rem
1098 1853 1252 1936 publicam

132 1941 135 1946 ¹
220 1975 305 2020 versa
320 1961 492 2042 principum
506 1985 599 2040 arma,
626 1986 663 2024 ac
679 1949 770 2046 longa
787 1965 901 2026 oblivio
916 1964 1092 2026 Britanniae
1108 1963 1199 2022 etiam
1217 1964 1250 2022 in

219 2085 302 2145 pace.
321 2066 485 2128 Consilium
501 2068 531 2127 id
546 2069 633 2130 divus
644 2072 794 2152 Augustus
809 2071 945 2143 vocabat,
959 2069 1102 2156 Tiberius
1113 2090 1255 2152 praecep·
1270 2071 1312 2132 15-

220 2180 294 2232 tnm.
323 2172 455 2254 Agitasse
474 2176 583 2236 Gaium
600 2177 759 2238 Caesarem
783 2177 823 2237 de
844 2157 1163 2240 intranda'Brirannn
1183 2177 1254 2236 satis

220 2289 350 2358 constat,
365 2281 397 2342 ni
412 2281 496 2342 velox
512 2283 642 2364 ingenio,
654 2285 775 2346 mobilis
789 2284 987 2366 paenitentia,
999 2293 1029 2343 et
1051 2283 1186 2364 ingentes
1197 2283 1250 2345 ad-

219 2409 323 2450 versus
349 2391 543 2460 Germaniam
564 2401 691 2454 conatus
710 2395 822 2454 frustra
839 2392 1090 2454 fuissenentvns
1108 2391 1253 2452 Claudius

220 2503 326 2556 auctor
340 2498 452 2576 operis,
474 2501 652 2559 transvectis
667 2498 837 2580 legionibus
858 2499 1033 2581 auxiliisque
1048 2509 1078 2558 et
1098 2508 1252 2582 assumpto

220 2603 251 2664 in
273 2614 388 2686 partem
408 2625 512 2664 rerum
527 2603 732 2686 Vespasiano,;
754 2607 836 2688 quod
860 2607 983 2668 initium
1010 2617 1161 2668 venturae
1183 2617 1303 2666 mox20

220 2707 361 2766 fortunae
377 2691 444 2766 luit.
477 2708 618 2768 Bomitae
639 2719 759 2790 gentes,
783 2713 865 2791 capti
886 2733 988 2794 reges,
1018 2722 1048 2772 et
1067 2723 1253 2774 monstratus

63 2809 98 2879 (n
109 2827 135 2866 υ.
145 2808 207 2880 797)
221 2813 288 2872 latis
306 2811 518 2891 Vespasianus.
540 2815 751 2876 Consularium
764 2818 882 2898 primus
893 2819 987 2880 Aulus
1006 2819 1145 2904 Plautius
1161 2841 1252 2899 pree·
1267 2813 1318 2895 ll}

61 2913 131 2982 (Μ
143 2913 208 2986 8⁰3)
221 2907 354 3000 positus,
379 2941 415 2980 ae
434 2921 562 2982 subinde
582 2924 722 2984 Ostorius
744 2923 889 3006 Scapula,
918 2939 1045 3010 uterque
1062 2925 1142 2992 bello
1163 2947 1254 3009 egre.

220 3029 301 3111 gius:
324 3027 504 3111 redactaque
526 3031 671 3112 paulatim
695 3032 879 3094 informem
913 3037 1090 3115 provinciae
1116 3035 1253 3117 protana

220 3157 291 3216 pars
322 3127 505 3200 Britanniae.
561 3139 673 3200 Addita
707 3141 829 3220 insuper
866 3126 1085 3202 veteranorum
1123 3141 1303 3208 colonia.25

221 3243 380 3321 Quaedam
400 3244 535 3306 civitates
555 3245 747 3328 Cogidumno
771 3249 833 3328 regi
847 3246 978 3310 donatae
1000 3246 1094 3322 (ised
1115 3259 1251 3310 nostram

221 3367 315 3432 usque
334 3353 511 3414 memoriam
530 3353 691 3414 fidissimus
712 3355 832 3430 mansit)
853 3362 955 3415 vetere
975 3359 1012 3415 ao
1042 3355 1103 3414 iam
1131 3355 1251 3436 pridem

221 3466 339 3534 recepta
360 3457 466 3538 populi
487 3459 615 3518 Romani
649 3447 887 3536 consuetudine,
918 3469 953 3518 nt
981 3457 1108 3522 haberet
1136 3463 1249 3522 instru-

294 3594 329 3646 16.
348 3561 528 3666 praeceptum.
546 3595 683 3666 Agitasse]
700 3597 845 3666 praecipue
863 3597 984 3666 agitasse
1000 3595 1059 3666 AE3
1091 3599 1164 3670 quod
1181 3599 1249 3669 Lip-

221 3688 277 3742 sins
294 3690 448 3742 coniectura
469 3697 606 3743 assecutus
623 3697 665 3742 est
684 3691 824 3742 confirmet
841 3690 932 3742 Ursini
950 3689 1044 3744 codex·
1067 3749 1070 3754 ,
1142 3739 1143 3746 ,

292 3799 331 3852 ¹9·
348 3787 514 3840 auctoritate
531 3785 585 3838 Vb.

288 3894 330 3944 ²7·
347 3893 500 3934 verere-ut
518 3877 729 3953 tutarer-regu
751 3879 908 3935 Bhenanus:
928 3879 971 3933 Vb
988 3887 1017 3932 et
1032 3879 1075 3934 Ali
1094 3893 1124 3934 nr
1144 3891 1250 3933 vetere·

220 3962 440 4042 heberet-regis.
834 3972 836 3978 '
