2914 4724
236 411 275 473 10
379 435 387 458 i
603 409 889 476 utsuoutsuuu

73 578 104 650 (ὃ
118 580 149 634 C·
166 581 318 657 ⁶ollitste
338 581 451 669 pedum
472 585 660 666 invalidum,
682 592 747 650 sine
767 569 957 662 constantia,
980 586 1047 648 sine
1068 582 1262 660 anctoritate,

237 711 277 750 ne
294 691 398 772 quieto
416 692 538 772 quidem
561 693 657 754 milite
674 697 825 776 regimen:
848 693 925 756 adeo
936 694 1068 757 lucentcs
1087 693 1267 754 infirmitate

235 795 393 857 retinentis
407 797 488 860 ultro
509 800 762 864 accendebantur.
805 803 956 864 inferioris
967 803 1150 864 Germaniae
1169 797 1265 881 legio·

235 920 291 966 nes
309 903 421 966 diutius
442 907 508 970 sine
532 907 685 970 consulari
706 908 802 980 suere,
826 908 924 968 donec
944 908 1036 972 missu
1059 904 1176 970 Galbae
1199 910 1264 968 Au-

212 1055 215 1061 r
235 1009 284 1070 lus
307 1010 447 1075 Vitellius
467 1014 582 1096 aderat,
602 1018 739 1080 censoris
757 1014 872 1078 Vitellii
895 1036 939 1076 ac·
952 1007 1000 1076 tei
1019 1015 1154 1076 consulis
1166 1013 1295 1082 filius:5

209 1114 269 1188 ¹id
289 1117 360 1177 satis
381 1117 554 1186 videbatur.
594 1125 629 1184 In
650 1123 825 1186 Britannico
849 1123 982 1186 mercitu
1014 1123 1090 1184 nibil
1126 1123 1264 1182 irarum

234 1241 296 1284 non
317 1243 390 1286 sane
412 1227 490 1292 aliae
512 1228 646 1312 legiones
665 1221 721 1311 per
740 1251 845 1290 omnes
866 1228 1004 1292 civilium
1026 1229 1180 1292 bellorum
1200 1249 1267 1290 mo·

234 1339 285 1393 tus
305 1332 495 1398 innocentius
516 1346 664 1418 egerunt,
686 1357 740 1398 seu
760 1339 832 1418 quia
851 1337 958 1417 procul
981 1349 1011 1400 et
1032 1340 1158 1399 Oceano
1187 1335 1267 1396 divi·

235 1459 296 1516 saa,
315 1461 369 1504 scu
389 1445 504 1505 crebris
518 1444 767 1527 expeditionibus
785 1444 894 1505 doctae
908 1443 1027 1504 bostem
1042 1447 1141 1524 potius
1158 1441 1267 1527 odisse.

236 1547 331 1626 Quies
352 1559 383 1610 et
411 1548 555 1630 Illyrico,
586 1571 761 1631 quanquam
793 1551 906 1612 excitae
936 1549 1094 1611 aNernne
1119 1548 1318 1628 legiensem

235 1655 310 1718 dum
330 1657 460 1716 initalia
479 1667 675 1732 cunctentur,
699 1658 881 1740 Verginium
901 1656 1105 1740 legationibus
1125 1655 1268 1716 adissent.

235 1763 296 1826 Sed
316 1763 412 1845 longis
432 1765 537 1846 spatiis
565 1765 687 1826 discreti
716 1767 864 1827 exercitus
874 1809 885 1842 ,
903 1768 907 1777 “
922 1764 1008 1850 quod
1035 1764 1270 1826 saluberrimum

237 1881 284 1932 est
303 1871 345 1932 ad
361 1870 575 1932 continendam
589 1869 761 1934 ‚militarem
780 1871 871 1932 fidem
886 1915 913 1948 ,.
931 1889 987 1931 nec
1008 1870 1092 1930 vitiis
1113 1889 1169 1929 nec
1193 1869 1266 1928 viri-

235 1975 295 2038 bus
316 1975 529 2038 miscebantur.
571 1978 682 2040 Oriens
703 1979 804 2040 adhuc
815 1979 966 2041 immotus.
1008 1968 1126 2038 Suriam
1141 1985 1268 2058 etqnnt·
1281 1987 1336 2066 10

236 2093 308 2144 tuor
341 2082 472 2166 legiones
491 2083 664 2154 ,obtinebat
686 2086 822 2146 Licinius
841 2085 1021 2163 Mucianus,
1053 2083 1102 2143 vir
1132 2083 1318 2150 secundis's5

237 2192 434 2274 adversisque
456 2192 538 2254 iuxta
556 2191 699 2254 famosus.
743 2193 879 2276 lusignes
895 2191 1042 2254 amicitias
1064 2192 1180 2253 iuvenis
1201 2211 1268 2250 ana.
1301 2209 1302 2214 ¹

169 2287 172 2300 ⁴
236 2300 344 2362 biliosa
359 2299 512 2378 coluerat;
535 2321 602 2360 mox
614 2299 727 2363 attritis
737 2300 860 2382 opibus,
882 2297 1003 2362 lubrico
1016 2311 1110 2373 statu,
1132 2308 1270 2381 suspecta

239 2409 329 2468 etiarn
353 2407 472 2468 Claudii
492 2407 666 2482 iracundia,
701 2410 733 2470 in
753 2420 904 2472 secretum
926 2409 1012 2470 Asiae
1034 2411 1184 2490 repositus
1208 2415 1270 2468 tnnr

239 2535 333 2595 prope
354 2513 393 2573 ab
415 2513 514 2574 exsule
535 2513 593 2574 fuit
612 2535 703 2594 quam
721 2525 827 2596 postea
850 2537 868 2575 a
889 2515 1037 2596 principe.
1078 2516 1210 2574 Luxuria
1224 2517 1270 2574 in·

240 2607 377 2694 dustria,
403 2621 546 2680 comitate
569 2619 761 2703 adrogantia,
784 2619 872 2684 malis
892 2619 1041 2704 bonisque
1060 2606 1323 2696 artibusmixssqo

316 2941 353 2994 aq.
372 2923 491 2978 atteritis
509 2925 562 2982 Μι.
582 2926 658 2980 Idem
679 2945 707 2998 p.
730 2945 776 2992 ιι,
795 2944 821 2999 9.
841 2927 945 2983 omittit
961 2928 1031 3000 legs.

316 3023 354 3104 18,
372 3021 403 3072 in
423 3034 553 3075 secretum
574 3025 656 3076 Asiae
680 3022 826 3098 repositus]
845 3021 915 3078 ltin
936 3023 1003 3080 locis
1022 3027 1051 3078 in
1067 3023 1210 3076 eademne
1231 3038 1273 3074 se-

242 3134 344 3189 ponere
362 3133 393 3168 sc
409 3122 543 3187 sepositus
559 3135 576 3170 a
588 3119 685 3178 't'ncito
704 3121 848 3184 scribitur,
867 3131 899 3175 ut
915 3124 997 3192 paulo
1013 3131 1077 3192 post
1095 3137 1119 3178 c.
1140 3119 1179 3175 13.
1207 3119 1273 3170 Mox

243 3224 394 3279 suspectum
421 3213 452 3264 in
473 3210 565 3266 endem
588 3218 718 3285 Poppaea
742 3217 774 3269 in
784 3215 964 3286 prouinciam
987 3215 1161 3268 Lusitaniam
1183 3212 1274 3281 specie

243 3303 393 3373 legacionis
404 3304 531 3374 seposuit.
550 3322 574 3357 c.
593 3307 637 3362 88.
651 3309 790 3378 Sepositus
808 3327 858 3378 per
880 3323 924 3360 em
943 3306 1002 3360 dios
1021 3307 1165 3362 Cormtius
1181 3305 1273 3356 Doto-

246 3397 319 3451 bsllu
339 3400 370 3450 in
402 3399 541 3454 coloniam
560 3401 731 3474 Aquinatem.
775 3400 869 3452 Annal.
889 3398 944 3463 IV,
970 3399 1013 3468 qq.
1035 3397 1108 3451 bunc
1130 3393 1274 3449 admodum

246 3488 494 3556 adulescentulum,
516 3493 619 3546 sorois's
639 3505 780 3564 nepotem,
802 3495 921 3564 seposuit
942 3495 1078 3562 Augustus
1093 3492 1275 3543 inclusionem

246 3586 452 3640 Mounmuam.
486 3584 541 3638 Sed
562 3583 592 3634 iu
610 3583 652 3634 bis
669 3585 859 3659 locisvcrbum
877 3602 1006 3656 seponere
1025 3587 1166 3636 notionem
1179 3584 1273 3632 occul·

247 3675 325 3730 tandi
346 3683 433 3738 tenet,
450 3695 481 3730 ea
501 3684 591 3730 autem
613 3695 673 3730 cum
691 3681 721 3730 in
739 3680 814 3742 loeo,
846 3678 998 3748 dequibus
1017 3676 1203 3743 disputamus,
1225 3694 1273 3728 vo-

158 3764 160 3772 ’
247 3772 325 3822 cibus
344 3771 375 3821 in
398 3785 527 3825 secretum
548 3775 630 3826 Asina
649 3789 772 3841 expressa
801 3776 853 3835 sit,
880 3772 993 3824 formam
1020 3773 1155 3842 repositus
1180 3775 1274 3822 auctor

247 3865 399 3934 praetulit,
417 3879 472 3933 qna
489 3869 565 3936 quies
585 3875 612 3920 et
631 3868 725 3930 otium,
750 3868 794 3918 cui
814 3867 957 3920 Mucianus
978 3872 1041 3935 post
1059 3859 1275 3932 negotiamrudi-

101 3962 103 3970 '
134 4013 139 4020 ,
248 3969 291 4012 tus
308 3967 365 4021 est,
385 3959 607 4028 significarentur.
645 3963 795 4014 Acidalium
814 3964 945 4031 sepositus
961 3977 1010 4033 pro
1037 3960 1172 4031 repositus
1198 3971 1273 4010 com·

248 4053 421 4108 mandantem
442 4069 495 4105 uon
512 4052 582 4106 benc
602 4055 731 4113 refutavit
747 4054 908 4114 Waltherus.
