2890 4728
193 303 256 369 reo
594 277 833 352 (innuantur

195 477 332 537 dolorem
355 485 384 534 et
405 440 558 560 tristitiam
581 471 668 535 tarde
692 480 823 551 ponunt.
866 469 1002 534 Feminis
1036 469 1137 548 lugere
1163 467 1224 528 lio..

197 594 314 643 nestum
339 591 404 666 ‘2⁵²³
427 582 498 640 viris
520 579 696 638 meminisse.
1237 645 1248 663 p

282 687 366 748 Haec
396 689 427 748 in
458 699 618 760 commune
648 685 687 746 de
708 687 844 747 omnium
867 687 1089 746 Germanorum
1108 683 1225 764 origine
1246 674 1262 747 s

184 798 234 855 'ae
257 793 393 854 moribus
416 794 594 873 accepimus.
632 793 721 853 Nunc
736 791 920 872 singularum
937 795 1073 874 gentium
1087 793 1225 852 instituta

113 885 118 898 ’
196 909 349 986 ritusque,
380 912 529 984 quatenns
560 898 720 973 differant,
751 879 831 981 {puae
858 899 1036 962 nationese
1065 903 1258 965 Germania5

85 1066 89 1082 ,
197 1015 227 1074 iii
249 1010 362 1099 Gallias
383 1005 668 1088 commigraverint,
692 1007 858 1090 expediam.

229 1169 232 1174 .
281 1118 455 1183 Validiores
478 1115 552 1178 olim
566 1113 723 1202 Gallorum
738 1139 786 1178 res
806 1117 897 1180 fnisse
917 1138 1053 1180 summus
1065 1127 1226 1177 anctorum
1237 1099 1301 1180 28

199 1203 287 1288 divos
309 1224 410 1286 lulius
438 1224 530 1286 tradit
540 1214 557 1301 3¹
580 1244 680 1307 ¹euque
710 1223 854 1286 credibile
886 1236 931 1288 est
951 1227 1041 1286 etiam
1061 1224 1163 1286 Gallos
1196 1223 1228 1283 in

199 1335 392 1418 Germaniam
414 1342 638 1413 transgressos:
663 1332 845 1413 quantulum
865 1335 945 1394 enim
966 1335 1063 1393 amnis
1075 1333 1228 1406 obstabat,
1261 1325 1267 1328 ”

200 1463 263 1524 qno
285 1443 401 1513 minus,
426 1449 458 1498 nt
479 1459 618 1522 quaeque
638 1459 711 1519 gens
731 1439 905 1520 evaluerat,
924 1451 1086 1521 occuparet
1106 1459 1230 1522 permn-
1242 1457 1290 1516 ιο,

202 1555 340 1630 tar'etque
362 1546 444 1606 sedes
468 1547 651 1627 promiseras
675 1545 775 1606 adbuc
807 1557 838 1608 et
866 1545 952 1636 nulla
979 1548 1143 1628 regnorum
1175 1571 1230 1630 po·

128 1667 131 1672 '
156 1695 165 1735 ¹.
203 1659 298 1716 tentia
319 1655 451 1716 divisos?
474 1655 566 1735 igitur
585 1655 666 1717 inter
688 1655 873 1738 Hercyniam
904 1653 1012 1717 silvam
1032 1655 1232 1736 Rhenumque

203 1774 232 1824 et
254 1764 399 1824 Moenum
419 1784 522 1824 amnes
546 1761 697 1837 Helvetii,
721 1759 867 1823 ulteriora
890 1763 975 1841 Boii,
1008 1761 1123 1824 Gallica
1145 1752 1232 1822 ntrass

203 1889 375 1950 queeens,
405 1878 539 1931 tenuere.
582 1869 686 1926 Manet
707 1867 806 1930 adhuc
836 1870 952 1930 Boiemi
979 1889 1107 1946 nomen,
1139 1867 1232 1954 signi..
1258 1919 1262 1925 .

203 1975 330 2056 fientque
353 1973 410 2036 loci
429 1983 562 2036 veterem
583 1973 784 2048 memoriam,
806 1976 944 2056 quamvis
965 1977 1088 2034 mutatis
1109 1973 1287 2034 cultori-15

204 2083 269 2146 bns.
310 2081 367 2142 Sed
388 2092 490 2142 utrum
515 2080 656 2144 Arauisci
675 2081 707 2142 in
728 2082 920 2144 Pannoniam
955 2079 994 2142 ab
1016 2056 1084 2144 Gsis
1104 2084 1233 2142 Germa·

204 2211 314 2250 nurum
329 2189 477 2280 irratione,
501 2211 537 2248 aa
561 2177 618 2250 Osi
639 2190 677 2250 'ab
700 2190 855 2252 Araviscis
875 2194 906 2250 in
928 2191 1122 2252 Germaniam
1147 2213 1235 2251 com·

203 2297 425 2378 migraverint,
448 2317 517 2356 eum
539 2295 644 2358 endem
664 2296 765 2358 adbuc
793 2305 936 2360 sermone
966 2298 1110 2359 institutis
1140 2299 1234 2358 mori-
1286 2353 1288 2363 s

203 2402 261 2466 bus
284 2411 421 2478 utantur,
442 2403 668 2478 incertumst,
692 2405 764 2486 quia
783 2406 853 2488 pari
874 2406 949 2466 olim
967 2397 1125 2488 inopinae
1141 2407 1233 2466 liber·
1304 2419 1314 2452 ·'

205 2517 266 2568 tate
287 2506 392 2567 eadem
413 2509 573 2587 utriusque
594 2512 679 2591 ripae
698 2511 779 2572 bona
803 2513 939 2592 malaque
965 2506 1063 2572 erant.
1106 2505 1234 2577 Treveri
1244 2528 1286 2570 20

159 2624 162 2629 ’
206 2623 237 2674 et
257 2615 359 2675 Nervii
394 2615 473 2674 circa
511 2615 730 2680 affectationem
764 2623 961 2682 Germanicae
995 2621 1121 2703 originis
1147 2611 1235 2680 ¹ultro

207 2719 358 2779 ambitiosi
379 2731 466 2798 sunt,
488 2733 631 2806 tanquam
651 2749 708 2808 per
728 2719 805 2786 hanc
827 2727 951 2809 gloriam
977 2711 1130 2812 sanguinis
1152 2750 1168 2788 a
1194 2727 1237 2788 si-

207 2823 381 2886 militudine
401 2837 432 2890 et
464 2829 571 2894 inertia
593 2833 751 2894 Gallorum
783 2846 973 2916 separentur.
1011 2833 1115 2918 lpsam
1137 2835 1237 2898 Rheni

209 2931 305 3012 ripam
328 2930 410 2994 haud
431 2935 523 3000 dubie
544 2931 777 3004 Germanorum
791 2942 896 3024 populi
918 2943 1037 3021 colunt,
1066 2929 1238 3023 Vangiones

209 3039 331 3102 Triboci
360 3041 512 3106 Nemetes.
555 3047 597 3107 Ne
615 3047 692 3108 Ubii
723 3047 865 3128 quidem,
894 3071 1066 3131 quanquam
1101 3051 1237 3108 Romana
1249 3054 1293 3116 25

211 3143 330 3204 colonia
351 3165 415 3208 esse
433 3151 600 3212 meruerint
613 3173 649 3213 ac
668 3141 811 3213 libentius
824 3154 1056 3236 Agrippinenses
1072 3155 1239 3216 conditoris

211 3249 257 3306 sni
279 3251 402 3311 nomine
423 3267 591 3342 vocentur,
614 3259 730 3341 origine
752 3253 945 3338 erubescunt,
967 3263 1144 3342 transgressi
1164 3262 1238 3322 olim

212 3361 243 3410 et
267 3360 469 3438 experimento
491 3364 671 3446 tideisuper
699 3366 793 3448 ipsam
826 3368 926 3431 Rheni
956 3369 1054 3451 ripam
1084 3369 1238 3448 collocati,

211 3466 243 3516 ut
265 3476 423 3543 arcerent,
437 3473 505 3529 'non
527 3481 561 3532 nt
585 3473 817 3536 custodirentur.

221 3600 470 3626 'Mun-..-

283 3689 321 3730 12.
339 3673 445 3734 diuisos
462 3683 501 3734 ll:
520 3685 642 3742 diversas
661 3687 684 3738 T
703 3697 731 3742 et
744 3689 881 3764 bamberg.
899 3691 964 3746 idox
985 3693 1021 3762 14·
1042 3692 1184 3765 ⁵23th
1203 3653 1256 3738 lb

279 3783 317 3820 αι.
339 3775 435 3830 Nerati
451 3779 610 3834 Rhenanus:
630 3783 735 3838 codices
757 3788 856 3843 meruli.
882 3789 883 3794 ’

278 3863 319 3916 25.
338 3883 372 3917 ne
384 3867 454 3920 vtis·
474 3871 620 3958 Gruterus:
638 3881 704 3936 libri
721 3881 816 3940 Nubit.
907 3940 911 3947 ,
