2914 4724
215 398 257 464 oe
341 481 344 492 ‚
587 394 877 464 nrsromsnuu

52 589 79 660 (a
99 590 128 646 c.
145 591 200 664 σᾳ)
214 574 358 640 diffidere
389 574 489 640 dubiis
519 599 556 640 ao
577 559 687 662 parum
708 581 841 664 gaudere
872 580 1029 663 prosperis
1056 580 1242 650 viderentur.

214 686 327 748 Coanto
348 684 478 746 veroin
500 683 618 748 endam
636 696 742 748 senatu
766 687 879 750 arduus
899 705 1004 750 rerum
1022 689 1159 750 omnium
1178 713 1247 752 mo.

211 795 287 873 dus,
310 799 349 853 ne‘
370 803 532 854 contumax
553 793 719 869 silentium,
745 817 787 858 ns
806 807 946 880 suspecta
966 797 1106 858 libertas:
1127 809 1157 858 et
1178 802 1244 880 pri·

211 911 282 960 vato
304 896 420 959 Othoni
441 918 538 981 nuper
559 911 652 982 atque
672 901 777 964 eadem
790 902 903 964 dicenti
919 912 991 970 nota
1004 901 1148 963 adulatio.
1177 905 1240 986 lgi.

211 1015 265 1068 tur
284 1021 405 1078 versare
423 1007 587 1068 sententies
607 1015 637 1066 et
655 1005 716 1068 buo
737 1017 830 1090 atque
852 1007 925 1070 illue
944 1017 1100 1088 torquere,
1120 1007 1274 1076 bostem5

210 1123 242 1174 et
262 1113 446 1195 parricidam
467 1111 626 1174 Vitellium
644 1125 800 1194 vocantes,
821 1115 1099 1197 providentissimus
1115 1119 1243 1199 quisque

209 1219 384 1303 vulgaribus
405 1221 570 1302 conviciis3
589 1220 713 1302 qnidam
736 1243 815 1283 vera.
829 1221 945 1305 probra
964 1226 1084 1302 iacere,
1119 1226 1151 1284 in
1180 1225 1243 1284 cla-

211 1347 297 1389 more
317 1338 417 1390 tamen
440 1337 473 1388 et
493 1327 547 1388 ubi
565 1326 715 1411 plurimae
735 1349 834 1406 voces,
855 1331 1064 1416 aut-tumultu
1080 1308 1243 1394 verborum

138 1481 145 1504 ,
209 1434 265 1498 eibi
285 1435 345 1518 ipsi
362 1435 579 1517 obstrepentes.
622 1437 768 1520 Prodigia
787 1438 911 1520 insuper
938 1439 1096 1499 terrebant
1117 1418 1307 1502 diversisssfi

210 1544 383 1604 auctoribus
406 1543 547 1626 volgata:
569 1545 599 1604 in
621 1543 939 1627 vestibulocapitolii
960 1547 1082 1606 omissas
1106 1545 1241 1610 habenas
1253 1565 1289 1608 ro

208 1649 296 1744 bigae
315 1651 365 1712 aui
389 1649 521 1712 Victoria
541 1651 713 1732 institerat3
737 1653 880 1734 erupisse¹
894 1653 970 1714 cella
997 1651 1122 1713 Iunonis
1140 1657 1241 1716 maio.

206 1778 273 1820 rem
291 1758 426 1820 bumana
445 1760 572 1840 speeiem
587 1779 599 1839 ς
617 1771 749 1822 statuam
767 1759 830 1822 divi
849 1759 917 1820 Iulii
940 1759 972 1820 in
992 1759 1090 1821 insula
1100 1760 1240 1822 Tiberini
1259 1747 1288 1829 2
1307 1829 1315 1839 ,

207 1868 304 1932 amnis
322 1887 428 1930 sereno
446 1877 476 1929 et
496 1871 623 1930 immoto
642 1869 692 1932 die
713 1869 753 1930 ab
764 1865 930 1930 Occidente
950 1869 983 1926 in
994 1865 1153 1929 Orientem
1164 1890 1241 1930 eon·

207 1993 344 2056 vorsum3
364 1973 558 2058 prolocutum
578 1978 611 2037 in
629 1975 756 2037 Etruria
768 1977 887 2052 bovem,
910 1973 1046 2034 insolitos
1064 1976 1252 2036 animalium«
1305 1993 1309 2002 '

206 2091 327 2164 partus,
348 2091 379 2144 et
397 2079 485 2164 plura
509 2081 586 2159 alia,
607 2081 737 2144 rudibus
758 2079 887 2142 saeculis
907 2079 998 2140 etiam
1022 2081 1053 2138 in
1081 2101 1156 2160 paee
1181 2075 1286 2144 ‹sb-15

187 2197 346 2265 servate,
367 2209 446 2270 quse
467 2209 549 2250 nuno
567 2199 687 2250 tantum
709 2190 740 2248 in
762 2197 843 2248 metu
856 2185 1032 2248 audiuntur.
1075 2187 1135 2248 Sed
1147 2207 1238 2269 prae·

206 2295 312 2376 eipuus
338 2305 368 2356 et
395 2317 466 2358 eum
493 2300 645 2380 praesenti
679 2298 769 2360 exitio
790 2296 880 2356 etiam
902 2293 997 2356 futuri
1020 2315 1113 2374 pavor
1136 2297 1238 2358 subita

206 2401 405 2464 inundatione
420 2404 561 2484 Tiberis,
593 2407 651 2486 qui·
669 2405 816 2466 immenso
845 2414 957 2478 auctu,
984 2411 1114 2483 proruto
1143 2413 1237 2486 ponte

172 2495 173 2498 Ἴ
207 2506 351 2587 sublicio,
376 2529 412 2572 ae
433 2518 532 2592 strage
551 2509 698 2570 obstantis
720 2509 811 2570 molis
830 2509 963 2585 refusus,
995 2529 1058 2568 non
1081 2507 1172 2569 modo
1190 2509 1236 2570 ia·
1294 2501 1297 2506 ¹
1392 2539 1395 2558 ι

206 2621 308 2692 centia
323 2629 354 2682 et
373 2616 462 2700 plane
485 2617 570 2680 urbis
592 2618 659 2676 loca
680 2615 732 2676 sed
752 2637 858 2677 secura
869 2614 1015 2676 eiusmodi
1034 2637 1158 2678 casuum
1177 2617 1286 2686 im=20

205 2725 310 2808 plevit.
352 2727 445 2807 Rapti
464 2745 481 2786 e
501 2724 623 2807 publico
644 2723 788 2806 plerique,
810 2723 910 2805 plures
930 2725 963 2784 in
980 2724 1116 2790 tabernis
1137 2736 1167 2786 et
1178 2747 1235 2786 ou.

204 2833 318 2894 bilibus
340 2832 506 2916 intercepti.
547 2830 657 2892 Fames
684 2833 715 2890 in
744 2829 868 2911 volgus,
903 2831 1005 2914 inopia
1038 2842 1179 2914 quaestus
1205 2844 1236 2894 et

88 2982 94 2997 ,
205 2941 333 3022 penurie
354 2939 574 3004 alimentorum.
618 2939 768 3020 Corrupta
788 2941 994 3022 stagnantibus
1021 2943 1105 3022 aquis
1124 2939 1234 3004 insula·

205 3071 276 3110 rum
294 3049 513 3126 fundamenta,
542 3048 612 3110 dein
634 3059 791 3110 remeante
810 3049 935 3110 flumine
963 3048 1085 3129 dilapsa.
1127 3047 1233 3130 thue

205 3157 338 3236 primum
359 3177 474 3221 vacuus
492 3175 512 3216 a
531 3153 667 3236 periculo
689 3158 804 3224 animus
825 3157 892 3236 fuit,
913 3156 945 3232 id
966 3158 1064 3237 ipsum
1085 3150 1281 3234 quodpu·25

204 3264 284 3324 ronti
304 3265 522 3346 expeditionem
541 3264 658 3325 Othoni
680 3285 800 3351 campus
811 3265 939 3326 Martius
961 3275 990 3324 et
1011 3261 1061 3323 via
1070 3261 1231 3336 Flaminia,

205 3371 264 3432 iter
274 3364 360 3445 belli,
379 3381 454 3432 esset
464 3371 651 3433 obstructum
671 3353 831 3435 alortuitis
851 3371 900 3432 vel
915 3370 1105 3432 naturalibus
1120 3368 1229 3438 causis,

204 3481 236 3538 in
255 3478 429 3562 prodigium
451 3489 483 3542 et
505 3501 594 3542 omen
625 3479 849 3544 imminentium
866 3478 1006 3542 'cladium
1036 3477 1228 3540 vertebatur.

290 3655 316 3722 4.
336 3651 440 3708 dicenti
456 3656 581 3725 Lipsius:
600 3654 705 3709 codices
724 3653 843 3710 dicendi.
862 3653 936 3706 Inita
956 3669 992 3706 ro.
1012 3651 1100 3724 speeie
1117 3647 1170 3704 ΜΒ.

274 3751 460 3818 inprompto
477 3749 601 3816 eodines3
619 3748 736 3802 correxit
753 3748 774 3802 l.
793 3727 837 3798 Ilr.
857 3744 1018 3799 Gronovius.

271 3855 312 3892 aa.
329 3841 428 3913 inopia
442 3869 477 3884 -
491 3842 537 3906 11,
557 3857 583 3896 a.
601 3842 718 3915 Cyprum
737 3839 838 3892 absunt
857 3856 873 3890 a
889 3837 951 3902 Mil,
968 3840 1045 3892 ouius
1061 3837 1095 3890 in.
1108 3836 1228 3906 margine

201 3933 312 4004 antiqua
327 3949 422 3988 manus
439 3933 505 4000 „blo
523 3935 616 3990 definit
633 3949 716 3984 unum
733 3931 836 3984 solium.
857 3931 1010 3986 (limittatur
1038 3929 1156 4002 spatium
1176 3944 1227 4000 pro

201 4025 274 4078 dicto
292 4027 385 4078 lolio.“
