2886 4726
152 365 154 367 ’
243 392 301 455 no
386 371 387 374 ‘
599 387 889 456 nisuonnnun

78 568 105 638 (a
126 569 224 644 uoq.)
239 569 345 631 dantes
365 569 488 630 nomino
517 579 708 630 recremento
738 565 838 651 adigit.
881 535 1095 650 snpertueose
1122 563 1266 630 multitu.

222 678 311 740 ¹dine
331 677 581 740 curam-delectus
601 679 632 738 in
643 679 780 742 consules
792 679 941 761 partitur.
984 675 1146 738 Servorum
1157 694 1266 736 nome.

238 826 384 896 diligenter
394 841 451 878 esse
462 823 677 894 distinguendus.
710 825 780 880 Num
791 825 821 878 in
831 823 952 896 antiquis
963 820 1150 876 referebantur
1161 837 1265 889 omnes,

236 918 337 992 quibus
366 921 459 972 civitas
478 920 598 974 Romans
624 935 752 976 concessu
779 926 851 984 eret,
883 918 972 972 tribus
991 923 1080 970 sutem
1108 920 1266 972 recentioris

174 1009 175 1016 '
234 1017 295 1068 aeri
325 1010 435 1067 nonnisi
466 1013 564 1066 cisium
589 1011 663 1066 orbis
689 1015 789 1068 Rornae
820 1018 926 1084 pestem
952 1010 1177 1080 complectuntur.
1211 1007 1267 1086 lias

234 1109 324 1162 tribus
343 1107 377 1162 eb
395 1108 513 1175 Augusto
530 1107 655 1178 principe
674 1110 835 1162 constitutus
855 1123 913 1161 esse
944 1105 1091 1158 admodum
1118 1105 1266 1158 verisimile

237 1211 293 1268 est,
310 1212 453 1273 propterca
472 1202 547 1273 quod
563 1204 594 1255 in
612 1203 671 1254 eius
689 1207 854 1256 testamento
873 1204 990 1272 primum
1008 1219 1024 1254 o
1041 1201 1144 1254 relicuo
1165 1201 1266 1270 populo

234 1295 368 1350 discretae
397 1300 648 1346 commemorantun
696 1291 765 1344 Nem
788 1293 922 1362 Augustus
942 1293 1007 1364 (vid.
1028 1292 1155 1346 Suetonii
1174 1291 1265 1346 Oetes.

234 1407 259 1446 c.
282 1385 352 1458 sos.)
370 1388 624 1458 legauit-populo
642 1387 801 1441 Romano
821 1387 1064 1459 quadringenties,
1092 1387 1266 1442 tribubus

233 1483 331 1536 tricies
347 1481 494 1553 quinquies
511 1480 670 1533 sestertium.
707 1479 798 1542 Idem,
827 1495 983 1552 quenquam
1010 1483 1099 1534 minos
1130 1481 1266 1544 distincte,

234 1581 327 1630 narret
343 1574 455 1628 'l'acitus
471 1573 500 1627 Δ.
520 1574 549 1637 1,
568 1573 593 1626 8·
628 1576 735 1646 Legata
751 1571 809 1628 bron
837 1576 913 1630 ultra
941 1577 1047 1629 ciuilem
1067 1576 1184 1643 modum,
1212 1577 1268 1630 nisi

234 1670 312 1742 quod
325 1669 469 1743 populo
491 1681 518 1722 et
530 1667 636 1738 plebi
652 1667 882 1742 quadringenties
899 1671 995 1726 uicies
1012 1669 1160 1744 quinquies
1180 1701 1214 1711 -
1234 1697 1269 1712 -·

234 1763 320 1820 dedit.
355 1765 404 1816 His
423 1764 452 1814 in
470 1763 537 1815 locis
556 1763 630 1815 cives
649 1763 724 1814 urbis
738 1765 849 1828 Romae,
868 1765 965 1818 ordine
981 1769 1117 1820 senatorio
1135 1771 1163 1818 et
1184 1781 1267 1836 eque-
1298 1776 1300 1778 ’

235 1861 286 1908 stri
305 1865 437 1928 excepto,
454 1859 553 1926 purtim
577 1858 679 1928 populo
699 1859 797 1928 purtim
814 1858 892 1930 plebe
918 1857 962 1911 vel
980 1857 1105 1914 tribubus
1134 1862 1266 1923 contineri

233 1949 367 2010 videmus.
402 1951 504 2022 Populo
525 1951 781 2020 grandispeeunioe
810 1953 868 2014 vis,
897 1949 1026 2004 tribubus
1049 1953 1145 2024 exiguo
1175 1955 1261 2024 legate

235 2055 285 2100 est
321 2045 376 2099 Sed
395 2061 456 2098 cum
474 2047 554 2116 louge
571 2047 686 2098 maxims
705 2047 804 2098 civium
823 2047 897 2098 urbis
916 2047 1014 2099 Romae
1032 2064 1091 2116 pers
1109 2041 1144 2100 ex
1158 2065 1264 2120 paupe·

202 2146 203 2154 ’
234 2142 311 2198 tibus
330 2148 434 2206 essent,
452 2141 529 2212 iique
546 2140 678 2213 principis
699 2141 833 2194 beneficio
853 2159 918 2212 prne
937 2143 1033 2213 ceteris
1051 2141 1213 2212 indigerent,
1234 2145 1264 2195 in

233 2237 349 2307 Augusti
369 2235 530 2290 testimento
551 2237 662 2288 nomine
677 2238 775 2308 populi
792 2253 943 2307 pauperes,
961 2239 1080 2292 tribuum
1097 2237 1208 2292 nomine
1222 2237 1264 2289 Io-
1296 2242 1298 2257 '

235 2329 399 2406 cupletiores
421 2329 573 2398 designatus
595 2327 679 2382 foisse
697 2329 825 2399 colligere
842 2331 917 2386 licet.
955 2331 992 2382 bo
1010 2345 1073 2382 sane
1091 2329 1179 2383 tribus
1208 2347 1262 2382 non

236 2426 396 2479 vilissimam
415 2425 464 2478 sed
483 2425 668 2478 honestiorem
686 2427 784 2478 rivium
802 2427 908 2495 portem
926 2427 1010 2478 fuisse
1027 2429 1125 2480 certios
1153 2437 1264 2497 oppurot

237 2536 272 2572 ex
293 2521 395 2589 titulo,
412 2537 493 2592 quem
513 2519 644 2572 Gruterus
663 2519 813 2582 CCXLIV,
832 2521 857 2586 4.
878 2521 979 2588 posuit.
1013 2524 1078 2593 imp.
1102 2523 1128 2574 T.
1152 2522 1265 2575 Caesari

237 2615 308 2668 Divi
323 2613 347 2684 f.
368 2599 535 2685 Vespasiano
553 2618 619 2684 Aug.
636 2614 710 2683 plebs
725 2615 843 2675 urbana,
863 2632 934 2686 quoe
945 2615 1110 2682 frumentum
1126 2615 1263 2688 publicum

238 2710 355 2781 accepit,
373 2711 509 2763 uteribus.
545 2711 576 2762 In
594 2718 759 2763 testamento
779 2709 892 2778 Augusti
910 2712 958 2781 qui
976 2720 1017 2764 est
1035 2712 1152 2784 populus
1170 2711 1199 2763 in
1212 2709 1263 2762 boc

237 2803 416 2872 inscriptione
438 2803 513 2874 plebs
529 2803 639 2856 urbana
671 2802 837 2871 appelletur:
864 2805 982 2856 nomina*
1002 2807 1075 2857 enim
1100 2805 1151 2858 huc
1176 2811 1263 2856 uetete

236 2915 293 2950 uon
312 2902 455 2962 constent,
473 2906 501 2950 et
516 2899 592 2971 plebs
609 2895 690 2950 modo
708 2913 757 2964 pro
776 2898 891 2968 populo,
908 2915 997 2958 rursus
1016 2919 1064 2970 pro
1081 2901 1159 2972 plebe
1178 2916 1263 2970 popu·

237 2991 289 3046 bus.
324 2987 378 3039 Sed
395 2989 498 3042 exboc
519 2991 681 3042 documento
710 2987 847 3040 luculente
875 2993 1038 3060 perspicitur
1058 2994 1146 3046 tribus
1173 2993 1261 3062 tergi·

198 3151 200 3158 Ι
238 3087 343 3142 tionum
361 3100 451 3154 neque
469 3085 573 3152 indigas
592 3097 682 3152 neque
702 3082 847 3152 participes
867 3084 964 3150 luisse,
992 3088 1088 3138 relicui
1107 3091 1197 3138 sutem
1214 3100 1264 3152 po-

238 3179 296 3247 puli
321 3158 403 3230 vito'm
428 3179 563 3230 frumento
595 3174 707 3245 publico
737 3185 913 3229 sustentatam
942 3195 1007 3232 esse.
1047 3179 1165 3232 Accedet
1191 3176 1265 3230 aliud

239 3289 293 3342 quo
313 3273 384 3324 idem
403 3270 582 3321 confirmetur.
620 3267 765 3320 Suetonius
797 3269 830 3322 de
850 3271 957 3324 Nerone
974 3289 996 3322 c.
1018 3273 1059 3340 44.
1079 3270 1147 3322 beee
1167 3277 1265 3324 narret.

238 3368 304 3418 Mon
322 3365 410 3418 tribus
436 3364 559 3415 urbanus
583 3359 622 3415 od
644 3375 841 3416 recrementum
862 3367 979 3429 citavit,
1009 3381 1043 3418 uc
1065 3365 1141 3418 usello
1166 3363 1266 3418 idoneo

238 3459 416 3530 respondente
435 3448 536 3512 eertum
555 3455 675 3510 dominis
705 3453 847 3513 servorum
877 3477 1016 3513 numerum
1041 3458 1153 3514 indixit.
1190 3459 1265 3510 Adeo

237 3553 430 3622 locupletiores
460 3551 535 3604 urbis
561 3553 664 3606 incolae
691 3555 808 3618 mollitie
832 3555 1028 3618 irretierunt,
1060 3564 1090 3608 ut
1116 3571 1149 3606 ex
1175 3553 1266 3606 tribu-

238 3646 288 3698 bus
316 3659 332 3694 e
359 3645 468 3698 Nerone
496 3648 586 3700 citetis
614 3664 692 3702 nemo
721 3648 756 3698 ad
782 3649 908 3701 militiam
939 3651 1121 3703 sustinendum
1151 3648 1266 3700 idoneus

239 3745 317 3790 esset.
352 3739 424 3791 Nero
449 3741 533 3811 igitur
553 3741 681 3810 dominis,
708 3743 736 3796 b.
754 3759 788 3802 e.
805 3743 951 3798 tribulibus
974 3745 1022 3816 qui
1048 3745 1178 3806 oderent,
1208 3755 1267 3794 ces-

239 3841 297 3885 tum
328 3849 470 3886 numerum
502 3851 638 3892 servorum
669 3839 780 3897 indixit.
835 3837 889 3892 Sed
918 3841 965 3910 qui
993 3847 1097 3892 certum
1122 3851 1265 3890 numerum

231 3943 378 3982 ¹serstorum
406 3937 542 3998 proestare
574 3941 722 4004 poterent,
762 3945 808 3982 eos
841 3947 896 3984 non
929 3948 962 3983 cx
994 3935 1086 3986 infimo
1121 3931 1265 4004 plebecula

239 4021 288 4074 scd
315 4037 348 4074 ex
378 4021 525 4082 ditioribus
552 4029 636 4104 fuisse
664 4043 713 4096 pro
739 4033 812 4078 certo
831 4024 993 4079 habendum.
1029 4026 1202 4096 erepropter
1229 4025 1265 4074 ud
