<?xml version="1.0" encoding="UTF-8"?>
<!DOCTYPE html PUBLIC "-//W3C//DTD XHTML 1.0 Transitional//EN"
    "http://www.w3.org/TR/xhtml1/DTD/xhtml1-transitional.dtd">
<html xmlns="http://www.w3.org/1999/xhtml" xml:lang="en" lang="en">
 <head>
  <title>
</title>
<meta http-equiv="Content-Type" content="text/html;charset=utf-8" />
  <meta name='ocr-system' content='tesseract 3.04.00' />
  <meta name='ocr-capabilities' content='ocr_page ocr_carea ocr_par ocr_line ocrx_word'/>
</head>
<body>
  <div class='ocr_page' id='page_1' title='image "./ccorneliitaciti01rittgoog_0242.png"; bbox 0 0 2886 4726; ppageno 0'>
   <div class='ocr_carea' id='block_1_1' title="bbox 211 434 882 504">
    <p class='ocr_par' dir='ltr' id='par_1_1' title="bbox 211 434 882 504">
     <span class='ocr_line' id='line_1_1' title="bbox 211 434 882 504; baseline -0.003 -10"><span class='ocrx_word' id='word_1_1' title='bbox 211 441 285 504; x_wconf 68' lang='grc'><strong>,930</strong></span> <span class='ocrx_word' id='word_1_2' title='bbox 491 482 494 490; x_wconf 82' lang='grc'>.</span> <span class='ocrx_word' id='word_1_3' title='bbox 593 434 882 495; x_wconf 70' lang='lat' dir='ltr'><strong>Historiarum</strong></span> 
     </span>
    </p>
   </div>
   <div class='ocr_carea' id='block_1_2' title="bbox 78 607 1318 3802">
    <p class='ocr_par' dir='ltr' id='par_1_2' title="bbox 78 607 1318 3802">
     <span class='ocr_line' id='line_1_2' title="bbox 78 607 1252 694; baseline -0.013 -12.976"><span class='ocrx_word' id='word_1_4' title='bbox 78 615 330 688; x_wconf 29' lang='lat' dir='ltr'><strong>atrowttuere</strong></span> <span class='ocrx_word' id='word_1_5' title='bbox 365 613 479 694; x_wconf 78' lang='lat' dir='ltr'>equites</span> <span class='ocrx_word' id='word_1_6' title='bbox 496 614 527 672; x_wconf 91' lang='lat' dir='ltr'><strong>in</strong></span> <span class='ocrx_word' id='word_1_7' title='bbox 550 633 651 676; x_wconf 80' lang='lat' dir='ltr'><strong>necem</strong></span> <span class='ocrx_word' id='word_1_8' title='bbox 676 613 792 672; x_wconf 86' lang='lat' dir='ltr'><strong>Pisonis</strong></span> <span class='ocrx_word' id='word_1_9' title='bbox 815 613 918 674; x_wconf 86' lang='lat' dir='ltr'><strong>mittit</strong></span> <span class='ocrx_word' id='word_1_10' title='bbox 974 607 1022 669; x_wconf 88' lang='lat' dir='ltr'><strong>illi</strong></span> <span class='ocrx_word' id='word_1_11' title='bbox 1043 609 1151 689; x_wconf 81' lang='lat' dir='ltr'><strong>raptim</strong></span> <span class='ocrx_word' id='word_1_12' title='bbox 1173 613 1252 668; x_wconf 83' lang='lat' dir='ltr'><strong>vecti</strong></span> 
     </span>
     <span class='ocr_line' id='line_1_3' title="bbox 194 716 1251 802; baseline -0.013 -16.633"><span class='ocrx_word' id='word_1_13' title='bbox 194 721 353 785; x_wconf 89' lang='lat' dir='ltr'><strong>obscuro</strong></span> <span class='ocrx_word' id='word_1_14' title='bbox 374 722 473 782; x_wconf 87' lang='lat' dir='ltr'><strong>adhue</strong></span> <span class='ocrx_word' id='word_1_15' title='bbox 494 731 617 802; x_wconf 87' lang='lat' dir='ltr'><strong>coeptae</strong></span> <span class='ocrx_word' id='word_1_16' title='bbox 637 718 713 780; x_wconf 90' lang='lat' dir='ltr'><strong>ineis</strong></span> <span class='ocrx_word' id='word_1_17' title='bbox 734 719 859 779; x_wconf 81' lang='lat' dir='ltr'><strong>elomum</strong></span> <span class='ocrx_word' id='word_1_18' title='bbox 869 716 1060 800; x_wconf 77' lang='lat' dir='ltr'>proconsulis</span> <span class='ocrx_word' id='word_1_19' title='bbox 1076 717 1251 794; x_wconf 85' lang='lat' dir='ltr'><strong>irrumpunt</strong></span> 
     </span>
     <span class='ocr_line' id='line_1_4' title="bbox 223 817 1252 912; baseline -0.011 -19"><span class='ocrx_word' id='word_1_20' title='bbox 223 831 371 892; x_wconf 83' lang='lat' dir='ltr'><strong>destrictis</strong></span> <span class='ocrx_word' id='word_1_21' title='bbox 394 827 520 912; x_wconf 80' lang='lat' dir='ltr'>gladiis,</span> <span class='ocrx_word' id='word_1_22' title='bbox 542 839 573 888; x_wconf 86' lang='lat' dir='ltr'><strong>et</strong></span> <span class='ocrx_word' id='word_1_23' title='bbox 592 849 698 909; x_wconf 85' lang='lat' dir='ltr'><strong>magna</strong></span> <span class='ocrx_word' id='word_1_24' title='bbox 716 817 784 908; x_wconf 83' lang='lat' dir='ltr'><strong>pars</strong></span> <span class='ocrx_word' id='word_1_25' title='bbox 805 825 952 885; x_wconf 86' lang='lat' dir='ltr'><strong>Pisonis&#39;</strong></span> <span class='ocrx_word' id='word_1_26' title='bbox 945 821 1054 906; x_wconf 78' lang='lat' dir='ltr'><strong>ignari,</strong></span> <span class='ocrx_word' id='word_1_27' title='bbox 1075 821 1158 903; x_wconf 90' lang='lat' dir='ltr'><strong>qnod</strong></span> <span class='ocrx_word' id='word_1_28' title='bbox 1172 821 1252 882; x_wconf 84' lang='lat' dir='ltr'><strong>Poe·</strong></span> 
     </span>
     <span class='ocr_line' id='line_1_5' title="bbox 223 927 1253 1016; baseline -0.005 -21"><span class='ocrx_word' id='word_1_29' title='bbox 223 957 280 996; x_wconf 90' lang='lat' dir='ltr'><strong>nos</strong></span> <span class='ocrx_word' id='word_1_30' title='bbox 300 933 456 995; x_wconf 80' lang='lat' dir='ltr'><strong>auxiliares</strong></span> <span class='ocrx_word' id='word_1_31' title='bbox 476 935 664 1016; x_wconf 78' lang='lat' dir='ltr'>Maurosque</span> <span class='ocrx_word' id='word_1_32' title='bbox 684 933 715 992; x_wconf 89' lang='lat' dir='ltr'><strong>in</strong></span> <span class='ocrx_word' id='word_1_33' title='bbox 736 953 803 992; x_wconf 87' lang='lat' dir='ltr'><strong>eam</strong></span> <span class='ocrx_word' id='word_1_34' title='bbox 823 929 948 992; x_wconf 87' lang='lat' dir='ltr'><strong>eaedem</strong></span> <span class='ocrx_word' id='word_1_35' title='bbox 970 930 1132 1012; x_wconf 79' lang='lat' dir='ltr'><strong>delegerat.</strong></span> <span class='ocrx_word' id='word_1_36' title='bbox 1161 927 1253 990; x_wconf 80' lang='lat' dir='ltr'><strong>Hand</strong></span> 
     </span>
     <span class='ocr_line' id='line_1_6' title="bbox 222 1033 1284 1126; baseline -0.008 -22"><span class='ocrx_word' id='word_1_37' title='bbox 222 1042 332 1126; x_wconf 90' lang='lat' dir='ltr'><strong>procul</strong></span> <span class='ocrx_word' id='word_1_38' title='bbox 351 1039 490 1103; x_wconf 91' lang='lat' dir='ltr'><strong>cubiculo</strong></span> <span class='ocrx_word' id='word_1_39' title='bbox 510 1039 635 1103; x_wconf 88' lang='lat' dir='ltr'><strong>obvium</strong></span> <span class='ocrx_word' id='word_1_40' title='bbox 651 1041 733 1100; x_wconf 82' lang='lat' dir='ltr'><strong>torte</strong></span> <span class='ocrx_word' id='word_1_41' title='bbox 758 1057 893 1116; x_wconf 89' lang='lat' dir='ltr'><strong>servum,</strong></span> <span class='ocrx_word' id='word_1_42' title='bbox 916 1040 1056 1120; x_wconf 88' lang='lat' dir='ltr'><strong>quisnam</strong></span> <span class='ocrx_word' id='word_1_43' title='bbox 1072 1033 1165 1096; x_wconf 83' lang='lat' dir='ltr'><strong>stubi</strong></span> <span class='ocrx_word' id='word_1_44' title='bbox 1177 1033 1284 1096; x_wconf 82' lang='lat' dir='ltr'><strong>esset5</strong></span> 
     </span>
     <span class='ocr_line' id='line_1_7' title="bbox 221 1141 1254 1232; baseline -0.009 -21"><span class='ocrx_word' id='word_1_45' title='bbox 221 1150 316 1230; x_wconf 86' lang='lat' dir='ltr'><strong>Piso,</strong></span> <span class='ocrx_word' id='word_1_46' title='bbox 337 1151 570 1232; x_wconf 77' lang='lat' dir='ltr'><strong>interrogavere.</strong></span> <span class='ocrx_word' id='word_1_47' title='bbox 614 1150 725 1212; x_wconf 87' lang='lat' dir='ltr'><strong>Servus</strong></span> <span class='ocrx_word' id='word_1_48' title='bbox 745 1147 866 1230; x_wconf 77' lang='lat' dir='ltr'><strong>egregio</strong></span> <span class='ocrx_word' id='word_1_49' title='bbox 888 1144 1048 1208; x_wconf 85' lang='lat' dir='ltr'><strong>mendacio</strong></span> <span class='ocrx_word' id='word_1_50' title='bbox 1070 1163 1101 1203; x_wconf 87' lang='lat' dir='ltr'><strong>se</strong></span> <span class='ocrx_word' id='word_1_51' title='bbox 1111 1141 1254 1202; x_wconf 87' lang='lat' dir='ltr'><strong>Pisonem</strong></span> 
     </span>
     <span class='ocr_line' id='line_1_8' title="bbox 223 1249 1253 1339; baseline -0.011 -19"><span class='ocrx_word' id='word_1_52' title='bbox 223 1277 286 1320; x_wconf 85' lang='lat' dir='ltr'><strong>esse</strong></span> <span class='ocrx_word' id='word_1_53' title='bbox 302 1256 467 1339; x_wconf 89' lang='lat' dir='ltr'><strong>respondit,</strong></span> <span class='ocrx_word' id='word_1_54' title='bbox 488 1277 524 1318; x_wconf 90' lang='lat' dir='ltr'><strong>ac</strong></span> <span class='ocrx_word' id='word_1_55' title='bbox 546 1258 647 1317; x_wconf 87' lang='lat' dir='ltr'><strong>statim</strong></span> <span class='ocrx_word' id='word_1_56' title='bbox 671 1255 881 1315; x_wconf 86' lang='lat' dir='ltr'><strong>obtruncatur.</strong></span> <span class='ocrx_word' id='word_1_57' title='bbox 923 1253 985 1314; x_wconf 86' lang='lat' dir='ltr'><strong>Ne&#39;c</strong></span> <span class='ocrx_word' id='word_1_58' title='bbox 996 1251 1092 1311; x_wconf 88' lang='lat' dir='ltr'><strong>multo</strong></span> <span class='ocrx_word' id='word_1_59' title='bbox 1103 1261 1171 1331; x_wconf 91' lang='lat' dir='ltr'><strong>post</strong></span> <span class='ocrx_word' id='word_1_60' title='bbox 1184 1249 1253 1310; x_wconf 88' lang='lat' dir='ltr'><strong>Piso</strong></span> 
     </span>
     <span class='ocr_line' id='line_1_9' title="bbox 224 1359 1254 1444; baseline -0.008 -20"><span class='ocrx_word' id='word_1_61' title='bbox 224 1364 420 1424; x_wconf 85' lang='lat' dir='ltr'><strong>interficitur:</strong></span> <span class='ocrx_word' id='word_1_62' title='bbox 442 1383 577 1444; x_wconf 88' lang='lat' dir='ltr'><strong>namque</strong></span> <span class='ocrx_word' id='word_1_63' title='bbox 596 1363 702 1424; x_wconf 84' lang='lat' dir='ltr'><strong>aderat</strong></span> <span class='ocrx_word' id='word_1_64' title='bbox 721 1363 774 1443; x_wconf 88' lang='lat' dir='ltr'><strong>qni</strong></span> <span class='ocrx_word' id='word_1_65' title='bbox 797 1373 957 1437; x_wconf 86' lang='lat' dir='ltr'><strong>nosceret,</strong></span> <span class='ocrx_word' id='word_1_66' title='bbox 987 1359 1095 1419; x_wconf 88' lang='lat' dir='ltr'><strong>Bebius</strong></span> <span class='ocrx_word' id='word_1_67' title='bbox 1116 1359 1214 1418; x_wconf 88' lang='lat' dir='ltr'><strong>Massa</strong></span> <span class='ocrx_word' id='word_1_68' title='bbox 1237 1378 1254 1416; x_wconf 90' lang='lat' dir='ltr'><strong>e</strong></span> 
     </span>
     <span class='ocr_line' id='line_1_10' title="bbox 151 1455 1254 1554; baseline -0.005 -25"><span class='ocrx_word' id='word_1_69' title='bbox 151 1455 159 1472; x_wconf 78' lang='grc'><strong><em>’</em></strong></span> <span class='ocrx_word' id='word_1_70' title='bbox 223 1469 470 1554; x_wconf 76' lang='lat' dir='ltr'><strong>procuratoribus</strong></span> <span class='ocrx_word' id='word_1_71' title='bbox 494 1469 640 1548; x_wconf 83' lang='lat' dir='ltr'><strong>Africae,</strong></span> <span class='ocrx_word' id='word_1_72' title='bbox 661 1472 720 1529; x_wconf 88' lang='lat' dir='ltr'><strong>iarn</strong></span> <span class='ocrx_word' id='word_1_73' title='bbox 741 1479 818 1529; x_wconf 89' lang='lat' dir='ltr'><strong>tune</strong></span> <span class='ocrx_word' id='word_1_74' title='bbox 840 1471 959 1550; x_wconf 86' lang='lat' dir='ltr'><strong>optimo</strong></span> <span class='ocrx_word' id='word_1_75' title='bbox 982 1469 1095 1550; x_wconf 92' lang='lat' dir='ltr'><strong>cuique</strong></span> <span class='ocrx_word' id='word_1_76' title='bbox 1115 1467 1254 1525; x_wconf 84' lang='lat' dir='ltr'><strong>exitiosus</strong></span> 
     </span>
     <span class='ocr_line' id='line_1_11' title="bbox 109 1551 1306 1655; baseline -0.003 -20"><span class='ocrx_word' id='word_1_77' title='bbox 109 1600 117 1616; x_wconf 91' lang='lat'><strong>·</strong></span> <span class='ocrx_word' id='word_1_78' title='bbox 224 1587 254 1637; x_wconf 90' lang='lat' dir='ltr'><strong>et</strong></span> <span class='ocrx_word' id='word_1_79' title='bbox 276 1575 307 1634; x_wconf 88' lang='lat' dir='ltr'><strong>in</strong></span> <span class='ocrx_word' id='word_1_80' title='bbox 332 1592 435 1634; x_wconf 89' lang='lat' dir='ltr'><strong>causas</strong></span> <span class='ocrx_word' id='word_1_81' title='bbox 454 1574 604 1634; x_wconf 85' lang='lat' dir='ltr'><strong>malornm</strong></span> <span class='ocrx_word' id='word_1_82' title='bbox 621 1593 698 1655; x_wconf 89' lang='lat' dir='ltr'><strong>quae</strong></span> <span class='ocrx_word' id='word_1_83' title='bbox 718 1595 788 1633; x_wconf 85' lang='lat' dir='ltr'><strong>mox</strong></span> <span class='ocrx_word' id='word_1_84' title='bbox 808 1572 933 1633; x_wconf 88' lang='lat' dir='ltr'><strong>tulimus</strong></span> <span class='ocrx_word' id='word_1_85' title='bbox 952 1571 1071 1652; x_wconf 86' lang='lat' dir='ltr'><strong>saepius</strong></span> <span class='ocrx_word' id='word_1_86' title='bbox 1090 1551 1253 1632; x_wconf 78' lang='lat' dir='ltr'><strong>rediturus.</strong></span> <span class='ocrx_word' id='word_1_87' title='bbox 1267 1595 1306 1636; x_wconf 86' lang='lat' dir='ltr'><strong>ro</strong></span> 
     </span>
     <span class='ocr_line' id='line_1_12' title="bbox 225 1677 1282 1762; baseline -0.009 -19"><span class='ocrx_word' id='word_1_88' title='bbox 225 1681 331 1744; x_wconf 87' lang='lat' dir='ltr'><strong>Festus</strong></span> <span class='ocrx_word' id='word_1_89' title='bbox 352 1681 540 1756; x_wconf 74' lang='lat' dir='ltr'><strong>Adrumeto,</strong></span> <span class='ocrx_word' id='word_1_90' title='bbox 563 1681 615 1740; x_wconf 89' lang='lat' dir='ltr'><strong>nbi</strong></span> <span class='ocrx_word' id='word_1_91' title='bbox 635 1679 881 1762; x_wconf 71' lang='lat' dir='ltr'><strong>speculabundus</strong></span> <span class='ocrx_word' id='word_1_92' title='bbox 903 1680 1090 1756; x_wconf 83' lang='lat' dir='ltr'><strong>substiterat,</strong></span> <span class='ocrx_word' id='word_1_93' title='bbox 1111 1677 1251 1759; x_wconf 81' lang='lat' dir='ltr'><strong>adlegio.</strong></span> <span class='ocrx_word' id='word_1_94' title='bbox 1279 1744 1282 1757; x_wconf 14' lang='grc' dir='ltr'>ἃ</span> 
     </span>
     <span class='ocr_line' id='line_1_13' title="bbox 226 1774 1254 1877; baseline -0.006 -27"><span class='ocrx_word' id='word_1_95' title='bbox 226 1809 297 1850; x_wconf 89' lang='lat' dir='ltr'><strong>nem</strong></span> <span class='ocrx_word' id='word_1_96' title='bbox 317 1789 435 1862; x_wconf 87' lang='lat' dir='ltr'><strong>tendit,</strong></span> <span class='ocrx_word' id='word_1_97' title='bbox 460 1774 898 1877; x_wconf 20' lang='lat' dir='ltr'><strong>praesectumqneycastrornm</strong></span> <span class='ocrx_word' id='word_1_98' title='bbox 918 1789 1097 1848; x_wconf 81' lang='lat' dir='ltr'><strong>Cotroniurn</strong></span> <span class='ocrx_word' id='word_1_99' title='bbox 1112 1787 1254 1848; x_wconf 89' lang='lat' dir='ltr'><strong>Pisanum</strong></span> 
     </span>
     <span class='ocr_line' id='line_1_14' title="bbox 227 1891 1256 1976; baseline -0.004 -20"><span class='ocrx_word' id='word_1_100' title='bbox 227 1897 337 1958; x_wconf 89' lang='lat' dir='ltr'><strong>vinciri</strong></span> <span class='ocrx_word' id='word_1_101' title='bbox 358 1897 440 1958; x_wconf 89' lang='lat' dir='ltr'><strong>iussit</strong></span> <span class='ocrx_word' id='word_1_102' title='bbox 461 1895 598 1976; x_wconf 88' lang='lat' dir='ltr'><strong>proprias</strong></span> <span class='ocrx_word' id='word_1_103' title='bbox 619 1897 661 1956; x_wconf 90' lang='lat' dir='ltr'><strong>ob</strong></span> <span class='ocrx_word' id='word_1_104' title='bbox 685 1897 867 1974; x_wconf 70' lang='lat' dir='ltr'><strong>simultates:</strong></span> <span class='ocrx_word' id='word_1_105' title='bbox 889 1895 940 1956; x_wconf 84' lang='lat' dir='ltr'><strong>sed</strong></span> <span class='ocrx_word' id='word_1_106' title='bbox 956 1892 1077 1954; x_wconf 84' lang='lat' dir='ltr'><strong>Pisonis</strong></span> <span class='ocrx_word' id='word_1_107' title='bbox 1098 1891 1256 1952; x_wconf 80' lang='lat' dir='ltr'><strong>satellitem</strong></span> 
     </span>
     <span class='ocr_line' id='line_1_15' title="bbox 227 2001 1257 2087; baseline -0.005 -23"><span class='ocrx_word' id='word_1_108' title='bbox 227 2005 381 2082; x_wconf 86' lang='lat' dir='ltr'><strong>vocabat,</strong></span> <span class='ocrx_word' id='word_1_109' title='bbox 403 2003 575 2086; x_wconf 86' lang='lat' dir='ltr'><strong>militesque</strong></span> <span class='ocrx_word' id='word_1_110' title='bbox 593 2016 625 2066; x_wconf 84' lang='lat' dir='ltr'><strong>et</strong></span> <span class='ocrx_word' id='word_1_111' title='bbox 648 2008 845 2066; x_wconf 84' lang='lat' dir='ltr'><strong>centuriones</strong></span> <span class='ocrx_word' id='word_1_112' title='bbox 865 2003 1012 2087; x_wconf 88' lang='lat' dir='ltr'><strong>quosdam</strong></span> <span class='ocrx_word' id='word_1_113' title='bbox 1032 2002 1153 2083; x_wconf 83' lang='lat' dir='ltr'><strong>puniit,</strong></span> <span class='ocrx_word' id='word_1_114' title='bbox 1183 2001 1257 2060; x_wconf 86' lang='lat' dir='ltr'><strong>alios</strong></span> 
     </span>
     <span class='ocr_line' id='line_1_16' title="bbox 226 2109 1305 2194; baseline -0.005 -22"><span class='ocrx_word' id='word_1_115' title='bbox 226 2113 366 2194; x_wconf 86' lang='lat' dir='ltr'><strong>praemiis</strong></span> <span class='ocrx_word' id='word_1_116' title='bbox 386 2110 503 2183; x_wconf 83' lang='lat' dir='ltr'><strong>affecit,</strong></span> <span class='ocrx_word' id='word_1_117' title='bbox 534 2119 677 2169; x_wconf 77' lang='lat' dir='ltr'><strong>nentrum</strong></span> <span class='ocrx_word' id='word_1_118' title='bbox 708 2135 746 2169; x_wconf 80' lang='lat' dir='ltr'><strong>ex</strong></span> <span class='ocrx_word' id='word_1_119' title='bbox 771 2115 903 2189; x_wconf 76' lang='lat' dir='ltr'><strong>merito,</strong></span> <span class='ocrx_word' id='word_1_120' title='bbox 936 2111 989 2170; x_wconf 85' lang='lat' dir='ltr'><strong>sed</strong></span> <span class='ocrx_word' id='word_1_121' title='bbox 1018 2120 1054 2188; x_wconf 79' lang='lat' dir='ltr'><strong>ut</strong></span> <span class='ocrx_word' id='word_1_122' title='bbox 1079 2109 1257 2189; x_wconf 84' lang='lat' dir='ltr'><strong>oppressisse</strong></span> <span class='ocrx_word' id='word_1_123' title='bbox 1271 2117 1305 2178; x_wconf 79' lang='lat'><strong>15</strong></span> 
     </span>
     <span class='ocr_line' id='line_1_17' title="bbox 228 2215 1258 2299; baseline -0.005 -21"><span class='ocrx_word' id='word_1_124' title='bbox 228 2219 343 2280; x_wconf 86' lang='lat' dir='ltr'><strong>bellurn</strong></span> <span class='ocrx_word' id='word_1_125' title='bbox 363 2218 548 2283; x_wconf 84' lang='lat' dir='ltr'><strong>crederetur.</strong></span> <span class='ocrx_word' id='word_1_126' title='bbox 597 2220 669 2280; x_wconf 85' lang='lat' dir='ltr'><strong>Mor</strong></span> <span class='ocrx_word' id='word_1_127' title='bbox 693 2219 861 2279; x_wconf 80' lang='lat' dir='ltr'><strong>Oeensium</strong></span> <span class='ocrx_word' id='word_1_128' title='bbox 881 2217 1174 2299; x_wconf 86' lang='lat' dir='ltr'><strong>Leptitanorumque</strong></span> <span class='ocrx_word' id='word_1_129' title='bbox 1195 2215 1258 2274; x_wconf 89' lang='lat' dir='ltr'><strong>dis·</strong></span> 
     </span>
     <span class='ocr_line' id='line_1_18' title="bbox 228 2321 1259 2406; baseline -0.004 -22"><span class='ocrx_word' id='word_1_130' title='bbox 228 2321 349 2384; x_wconf 86' lang='lat' dir='ltr'><strong>cordias</strong></span> <span class='ocrx_word' id='word_1_131' title='bbox 378 2323 550 2403; x_wconf 79' lang='lat' dir='ltr'><strong>componit,</strong></span> <span class='ocrx_word' id='word_1_132' title='bbox 584 2345 661 2406; x_wconf 90' lang='lat' dir='ltr'><strong>quae</strong></span> <span class='ocrx_word' id='word_1_133' title='bbox 688 2335 780 2406; x_wconf 64' lang='lat' dir='ltr'><strong>‘raptu</strong></span> <span class='ocrx_word' id='word_1_134' title='bbox 812 2324 933 2405; x_wconf 71' lang='lat' dir='ltr'><strong>frugum</strong></span> <span class='ocrx_word' id='word_1_135' title='bbox 958 2333 988 2384; x_wconf 87' lang='lat' dir='ltr'><strong>et</strong></span> <span class='ocrx_word' id='word_1_136' title='bbox 1017 2329 1159 2402; x_wconf 84' lang='lat' dir='ltr'><strong>pecorum</strong></span> <span class='ocrx_word' id='word_1_137' title='bbox 1181 2323 1259 2382; x_wconf 90' lang='lat' dir='ltr'><strong>inter</strong></span> 
     </span>
     <span class='ocr_line' id='line_1_19' title="bbox 230 2431 1259 2514; baseline -0.002 -25"><span class='ocrx_word' id='word_1_138' title='bbox 230 2441 362 2511; x_wconf 82' lang='lat' dir='ltr'><strong>agrestes</strong></span> <span class='ocrx_word' id='word_1_139' title='bbox 384 2432 510 2491; x_wconf 86' lang='lat' dir='ltr'><strong>modicis·</strong></span> <span class='ocrx_word' id='word_1_140' title='bbox 532 2431 690 2514; x_wconf 84' lang='lat' dir='ltr'><strong>principiis</strong></span> <span class='ocrx_word' id='word_1_141' title='bbox 711 2433 769 2491; x_wconf 86' lang='lat' dir='ltr'><strong>iarn</strong></span> <span class='ocrx_word' id='word_1_142' title='bbox 792 2454 846 2513; x_wconf 91' lang='lat' dir='ltr'><strong>per</strong></span> <span class='ocrx_word' id='word_1_143' title='bbox 864 2451 949 2490; x_wconf 77' lang='lat' dir='ltr'><strong>arina</strong></span> <span class='ocrx_word' id='word_1_144' title='bbox 970 2440 1061 2511; x_wconf 87' lang='lat' dir='ltr'><strong>atque</strong></span> <span class='ocrx_word' id='word_1_145' title='bbox 1076 2431 1153 2490; x_wconf 86' lang='lat' dir='ltr'><strong>acies</strong></span> <span class='ocrx_word' id='word_1_146' title='bbox 1175 2451 1259 2489; x_wconf 81' lang='lat' dir='ltr'><strong>exer-</strong></span> 
     </span>
     <span class='ocr_line' id='line_1_20' title="bbox 231 2519 1261 2620; baseline -0.002 -24"><span class='ocrx_word' id='word_1_147' title='bbox 231 2538 388 2601; x_wconf 65' lang='lat' dir='ltr'><strong>cebantur:</strong></span> <span class='ocrx_word' id='word_1_148' title='bbox 428 2539 504 2598; x_wconf 86' lang='lat' dir='ltr'><strong>Nam</strong></span> <span class='ocrx_word' id='word_1_149' title='bbox 525 2541 652 2620; x_wconf 88' lang='lat' dir='ltr'><strong>populus</strong></span> <span class='ocrx_word' id='word_1_150' title='bbox 676 2541 805 2599; x_wconf 84' lang='lat' dir='ltr'><strong>Oeensis</strong></span> <span class='ocrx_word' id='word_1_151' title='bbox 824 2538 1021 2598; x_wconf 85' lang='lat' dir='ltr'><strong>multitudine</strong></span> <span class='ocrx_word' id='word_1_152' title='bbox 1041 2538 1166 2598; x_wconf 83' lang='lat' dir='ltr'><strong>inferior</strong></span> <span class='ocrx_word' id='word_1_153' title='bbox 1196 2519 1261 2594; x_wconf 35' lang='lat' dir='ltr'><strong>Gar-¹</strong></span> 
     </span>
     <span class='ocr_line' id='line_1_21' title="bbox 232 2640 1308 2726; baseline 0 -22"><span class='ocrx_word' id='word_1_154' title='bbox 232 2655 385 2704; x_wconf 82' lang='lat' dir='ltr'><strong>ramentas</strong></span> <span class='ocrx_word' id='word_1_155' title='bbox 410 2647 580 2718; x_wconf 83' lang='lat' dir='ltr'><strong>exciverat,</strong></span> <span class='ocrx_word' id='word_1_156' title='bbox 615 2655 736 2726; x_wconf 80' lang='lat' dir='ltr'><strong>gentem</strong></span> <span class='ocrx_word' id='word_1_157' title='bbox 769 2640 949 2704; x_wconf 84' lang='lat' dir='ltr'><strong>indomitam</strong></span> <span class='ocrx_word' id='word_1_158' title='bbox 973 2656 1004 2707; x_wconf 90' lang='lat' dir='ltr'><strong>et</strong></span> <span class='ocrx_word' id='word_1_159' title='bbox 1033 2649 1112 2707; x_wconf 89' lang='lat' dir='ltr'><strong>inter</strong></span> <span class='ocrx_word' id='word_1_160' title='bbox 1140 2644 1308 2709; x_wconf 74' lang='lat' dir='ltr'><strong>accolasso</strong></span> 
     </span>
     <span class='ocr_line' id='line_1_22' title="bbox 231 2748 1261 2834; baseline 0.002 -24"><span class='ocrx_word' id='word_1_161' title='bbox 231 2748 397 2810; x_wconf 87' lang='lat' dir='ltr'><strong>latrociniis</strong></span> <span class='ocrx_word' id='word_1_162' title='bbox 418 2750 588 2815; x_wconf 86' lang='lat' dir='ltr'><strong>secundam.</strong></span> <span class='ocrx_word' id='word_1_163' title='bbox 630 2751 721 2810; x_wconf 84' lang='lat' dir='ltr'><strong>Unde</strong></span> <span class='ocrx_word' id='word_1_164' title='bbox 743 2763 830 2812; x_wconf 86' lang='lat' dir='ltr'><strong>artae</strong></span> <span class='ocrx_word' id='word_1_165' title='bbox 851 2754 1019 2833; x_wconf 88' lang='lat' dir='ltr'><strong>Leptitauis</strong></span> <span class='ocrx_word' id='word_1_166' title='bbox 1040 2776 1109 2831; x_wconf 89' lang='lat' dir='ltr'><strong>res,</strong></span> <span class='ocrx_word' id='word_1_167' title='bbox 1140 2752 1261 2834; x_wconf 75' lang='lat' dir='ltr'><strong>lateque</strong></span> 
     </span>
     <span class='ocr_line' id='line_1_23' title="bbox 233 2857 1261 2939; baseline 0.002 -23"><span class='ocrx_word' id='word_1_168' title='bbox 233 2858 355 2916; x_wconf 87' lang='lat' dir='ltr'><strong>vastatis</strong></span> <span class='ocrx_word' id='word_1_169' title='bbox 377 2857 456 2936; x_wconf 80' lang='lat' dir='ltr'><strong>agris</strong></span> <span class='ocrx_word' id='word_1_170' title='bbox 475 2857 557 2916; x_wconf 88' lang='lat' dir='ltr'><strong>intra</strong></span> <span class='ocrx_word' id='word_1_171' title='bbox 578 2859 697 2918; x_wconf 85' lang='lat' dir='ltr'><strong>moenia</strong></span> <span class='ocrx_word' id='word_1_172' title='bbox 727 2859 938 2939; x_wconf 82' lang='lat' dir='ltr'><strong>trepidabant,</strong></span> <span class='ocrx_word' id='word_1_173' title='bbox 968 2861 1066 2922; x_wconf 90' lang='lat' dir='ltr'><strong>donee</strong></span> <span class='ocrx_word' id='word_1_174' title='bbox 1086 2863 1261 2921; x_wconf 88' lang='lat' dir='ltr'><strong>interventu</strong></span> 
     </span>
     <span class='ocr_line' id='line_1_24' title="bbox 235 2962 1260 3050; baseline 0.006 -28"><span class='ocrx_word' id='word_1_175' title='bbox 235 2963 407 3024; x_wconf 79' lang='lat' dir='ltr'><strong>colrortium</strong></span> <span class='ocrx_word' id='word_1_176' title='bbox 437 2962 614 3046; x_wconf 83' lang='lat' dir='ltr'><strong>alarumque</strong></span> <span class='ocrx_word' id='word_1_177' title='bbox 639 2966 697 3025; x_wconf 90' lang='lat' dir='ltr'><strong>susi</strong></span> <span class='ocrx_word' id='word_1_178' title='bbox 721 2967 919 3027; x_wconf 85' lang='lat' dir='ltr'><strong>Garamantes</strong></span> <span class='ocrx_word' id='word_1_179' title='bbox 948 2979 978 3028; x_wconf 90' lang='lat' dir='ltr'><strong>et</strong></span> <span class='ocrx_word' id='word_1_180' title='bbox 1007 2980 1129 3050; x_wconf 76' lang='lat' dir='ltr'><strong>recepta</strong></span> <span class='ocrx_word' id='word_1_181' title='bbox 1160 2969 1260 3028; x_wconf 82' lang='lat' dir='ltr'><strong>omisis</strong></span> 
     </span>
     <span class='ocr_line' id='line_1_25' title="bbox 233 3063 1259 3160; baseline 0.01 -33"><span class='ocrx_word' id='word_1_182' title='bbox 233 3070 356 3150; x_wconf 88' lang='lat' dir='ltr'><strong>praeda,</strong></span> <span class='ocrx_word' id='word_1_183' title='bbox 377 3071 435 3132; x_wconf 88' lang='lat' dir='ltr'><strong>nisi</strong></span> <span class='ocrx_word' id='word_1_184' title='bbox 458 3063 550 3154; x_wconf 84' lang='lat' dir='ltr'><strong>quam</strong></span> <span class='ocrx_word' id='word_1_185' title='bbox 564 3079 630 3156; x_wconf 78' lang='lat' dir='ltr'><strong>vagi</strong></span> <span class='ocrx_word' id='word_1_186' title='bbox 643 3092 698 3156; x_wconf 90' lang='lat' dir='ltr'><strong>per</strong></span> <span class='ocrx_word' id='word_1_187' title='bbox 711 3075 860 3138; x_wconf 82' lang='lat' dir='ltr'><strong>inaccessa</strong></span> <span class='ocrx_word' id='word_1_188' title='bbox 880 3077 1045 3160; x_wconf 87' lang='lat' dir='ltr'><strong>mapalium</strong></span> <span class='ocrx_word' id='word_1_189' title='bbox 1062 3077 1259 3140; x_wconf 85' lang='lat' dir='ltr'><strong>ulterioribus</strong></span> 
     </span>
     <span class='ocr_line' id='line_1_26' title="bbox 234 3176 1307 3246; baseline 0.007 -9"><span class='ocrx_word' id='word_1_190' title='bbox 234 3176 445 3240; x_wconf 84' lang='lat' dir='ltr'><strong>vendiderant.</strong></span> <span class='ocrx_word' id='word_1_191' title='bbox 1269 3187 1307 3246; x_wconf 77' lang='lat'><strong>25</strong></span> 
     </span>
     <span class='ocr_line' id='line_1_27' title="bbox 314 3281 1318 3374; baseline 0.005 -29"><span class='ocrx_word' id='word_1_192' title='bbox 314 3281 354 3345; x_wconf 80' lang='lat' dir='ltr'><strong>At</strong></span> <span class='ocrx_word' id='word_1_193' title='bbox 384 3286 571 3368; x_wconf 85' lang='lat' dir='ltr'><strong>Vespasiano</strong></span> <span class='ocrx_word' id='word_1_194' title='bbox 589 3299 657 3372; x_wconf 88' lang='lat' dir='ltr'><strong>post</strong></span> <span class='ocrx_word' id='word_1_195' title='bbox 674 3288 907 3353; x_wconf 86' lang='lat' dir='ltr'><strong>Cremonensem</strong></span> <span class='ocrx_word' id='word_1_196' title='bbox 928 3311 1060 3374; x_wconf 81' lang='lat' dir='ltr'><strong>pugnam</strong></span> <span class='ocrx_word' id='word_1_197' title='bbox 1079 3301 1109 3351; x_wconf 88' lang='lat' dir='ltr'><strong>et</strong></span> <span class='ocrx_word' id='word_1_198' title='bbox 1132 3281 1318 3372; x_wconf 65' lang='lat' dir='ltr'><strong>prospe-51</strong></span> 
     </span>
     <span class='ocr_line' id='line_1_28' title="bbox 234 3389 1259 3479; baseline 0.006 -27"><span class='ocrx_word' id='word_1_199' title='bbox 234 3413 286 3452; x_wconf 88' lang='lat' dir='ltr'><strong>ros</strong></span> <span class='ocrx_word' id='word_1_200' title='bbox 309 3389 444 3475; x_wconf 88' lang='lat' dir='ltr'><strong>undique</strong></span> <span class='ocrx_word' id='word_1_201' title='bbox 473 3398 612 3476; x_wconf 87' lang='lat' dir='ltr'><strong>nuntios,</strong></span> <span class='ocrx_word' id='word_1_202' title='bbox 641 3398 782 3460; x_wconf 89' lang='lat' dir='ltr'><strong>cecidisse</strong></span> <span class='ocrx_word' id='word_1_203' title='bbox 813 3397 971 3464; x_wconf 83' lang='lat' dir='ltr'><strong>Vitellium</strong></span> <span class='ocrx_word' id='word_1_204' title='bbox 998 3399 1086 3460; x_wconf 90' lang='lat' dir='ltr'><strong>multi</strong></span> <span class='ocrx_word' id='word_1_205' title='bbox 1113 3399 1259 3479; x_wconf 87' lang='lat' dir='ltr'><strong>cuiusque</strong></span> 
     </span>
     <span class='ocr_line' id='line_1_29' title="bbox 227 3497 1257 3588; baseline 0.002 -31"><span class='ocrx_word' id='word_1_206' title='bbox 227 3497 358 3578; x_wconf 76' lang='lat' dir='ltr'><strong>ordinis,</strong></span> <span class='ocrx_word' id='word_1_207' title='bbox 379 3503 447 3583; x_wconf 90' lang='lat' dir='ltr'><strong>pari</strong></span> <span class='ocrx_word' id='word_1_208' title='bbox 478 3500 602 3561; x_wconf 86' lang='lat' dir='ltr'><strong>audacia</strong></span> <span class='ocrx_word' id='word_1_209' title='bbox 622 3501 800 3586; x_wconf 83' lang='lat' dir='ltr'><strong>fortunaque</strong></span> <span class='ocrx_word' id='word_1_210' title='bbox 827 3504 990 3565; x_wconf 75' lang='lat' dir='ltr'><strong>hibernum</strong></span> <span class='ocrx_word' id='word_1_211' title='bbox 1010 3525 1094 3565; x_wconf 86' lang='lat' dir='ltr'><strong>mare</strong></span> <span class='ocrx_word' id='word_1_212' title='bbox 1115 3501 1257 3588; x_wconf 76' lang='lat' dir='ltr'><strong>adgressi,</strong></span> 
     </span>
     <span class='ocr_line' id='line_1_30' title="bbox 234 3607 1257 3695; baseline 0.006 -32"><span class='ocrx_word' id='word_1_213' title='bbox 234 3607 420 3668; x_wconf 86' lang='lat' dir='ltr'><strong>nuntiavere.</strong></span> <span class='ocrx_word' id='word_1_214' title='bbox 475 3607 616 3670; x_wconf 81' lang='lat' dir='ltr'><strong>Aderant</strong></span> <span class='ocrx_word' id='word_1_215' title='bbox 647 3609 737 3693; x_wconf 83' lang='lat' dir='ltr'><strong>legati</strong></span> <span class='ocrx_word' id='word_1_216' title='bbox 768 3615 847 3694; x_wconf 78' lang='lat' dir='ltr'><strong>regis</strong></span> <span class='ocrx_word' id='word_1_217' title='bbox 884 3613 1026 3695; x_wconf 69' lang='lat' dir='ltr'><strong>Vologesi</strong></span> <span class='ocrx_word' id='word_1_218' title='bbox 1056 3611 1257 3695; x_wconf 81' lang='lat' dir='ltr'><strong>quadraginta</strong></span> 
     </span>
     <span class='ocr_line' id='line_1_31' title="bbox 234 3712 1309 3802; baseline 0.008 -32"><span class='ocrx_word' id='word_1_219' title='bbox 234 3712 419 3772; x_wconf 85' lang='lat' dir='ltr'><strong>Parthorum</strong></span> <span class='ocrx_word' id='word_1_220' title='bbox 440 3715 576 3795; x_wconf 84' lang='lat' dir='ltr'><strong>equitum</strong></span> <span class='ocrx_word' id='word_1_221' title='bbox 600 3717 682 3777; x_wconf 85' lang='lat' dir='ltr'><strong>milia</strong></span> <span class='ocrx_word' id='word_1_222' title='bbox 702 3717 875 3780; x_wconf 83' lang='lat' dir='ltr'><strong>offerentes.</strong></span> <span class='ocrx_word' id='word_1_223' title='bbox 920 3721 1112 3802; x_wconf 80' lang='lat' dir='ltr'><strong>Magnificum</strong></span> <span class='ocrx_word' id='word_1_224' title='bbox 1128 3716 1257 3778; x_wconf 83' lang='lat' dir='ltr'><strong>laetum·</strong></span> <span class='ocrx_word' id='word_1_225' title='bbox 1269 3720 1309 3779; x_wconf 79' lang='lat'><strong>30</strong></span> 
     </span>
    </p>
   </div>
   <div class='ocr_carea' id='block_1_3' title="bbox 150 3795 1223 4021">
    <p class='ocr_par' dir='ltr' id='par_1_3' title="bbox 150 3795 1223 4021">
     <span class='ocr_line' id='line_1_32' title="bbox 150 3795 188 3805; baseline 0 -6"><span class='ocrx_word' id='word_1_226' title='bbox 150 3795 155 3805; x_wconf 76' lang='grc'><strong>,</strong></span> <span class='ocrx_word' id='word_1_227' title='bbox 185 3798 188 3799; x_wconf 15' lang='lat'><em>⁷</em></span> 
     </span>
     <span class='ocr_line' id='line_1_33' title="bbox 246 3847 1170 3942; baseline -0.001 -36"><span class='ocrx_word' id='word_1_228' title='bbox 246 3847 257 3942; x_wconf 32' lang='grc' dir='ltr'><strong>ι’</strong></span> <span class='ocrx_word' id='word_1_229' title='bbox 320 3853 348 3906; x_wconf 77' lang='grc'><strong>8.·</strong></span> <span class='ocrx_word' id='word_1_230' title='bbox 367 3851 460 3904; x_wconf 70' lang='lat' dir='ltr'><strong>lisbius</strong></span> <span class='ocrx_word' id='word_1_231' title='bbox 477 3871 561 3906; x_wconf 81' lang='lat' dir='ltr'><strong>masse</strong></span> <span class='ocrx_word' id='word_1_232' title='bbox 576 3859 802 3924; x_wconf 79' lang='lat' dir='ltr'><strong>procuratoribus</strong></span> <span class='ocrx_word' id='word_1_233' title='bbox 820 3857 879 3919; x_wconf 59' lang='lat' dir='ltr'><strong>Ml,</strong></span> <span class='ocrx_word' id='word_1_234' title='bbox 898 3865 924 3908; x_wconf 89' lang='lat' dir='ltr'><strong>et</strong></span> <span class='ocrx_word' id='word_1_235' title='bbox 946 3875 982 3912; x_wconf 89' lang='grc' dir='ltr'><strong>ιι.</strong></span> <span class='ocrx_word' id='word_1_236' title='bbox 1003 3856 1170 3908; x_wconf 84' lang='lat' dir='ltr'><strong>Adrimeuto.</strong></span> 
     </span>
     <span class='ocr_line' id='line_1_34' title="bbox 307 3949 1223 4021; baseline -0.001 -20"><span class='ocrx_word' id='word_1_237' title='bbox 307 3951 346 4003; x_wconf 80' lang='lat'><strong>16:</strong></span> <span class='ocrx_word' id='word_1_238' title='bbox 366 3949 505 4002; x_wconf 82' lang='lat' dir='ltr'><strong>Oeensium</strong></span> <span class='ocrx_word' id='word_1_239' title='bbox 525 3957 565 4016; x_wconf 83' lang='lat' dir='ltr'><strong>(et</strong></span> <span class='ocrx_word' id='word_1_240' title='bbox 586 3955 675 4004; x_wconf 87' lang='lat' dir='ltr'><strong>statim</strong></span> <span class='ocrx_word' id='word_1_241' title='bbox 694 3956 816 4015; x_wconf 82' lang='lat' dir='ltr'><strong>Oeensis)</strong></span> <span class='ocrx_word' id='word_1_242' title='bbox 836 3953 956 4021; x_wconf 81' lang='lat' dir='ltr'><strong>Lipsius:</strong></span> <span class='ocrx_word' id='word_1_243' title='bbox 976 3951 1049 4004; x_wconf 61' lang='grc' dir='ltr'><strong>ΒΜει</strong></span> <span class='ocrx_word' id='word_1_244' title='bbox 1068 3949 1223 4020; x_wconf 75' lang='lat' dir='ltr'><strong>Offlnst&#39;um:</strong></span> 
     </span>
    </p>
   </div>
   <div class='ocr_carea' id='block_1_4' title="bbox 303 4045 1259 4118">
    <p class='ocr_par' dir='ltr' id='par_1_4' title="bbox 303 4045 1259 4118">
     <span class='ocr_line' id='line_1_35' title="bbox 303 4045 1259 4118; baseline 0.002 -28"><span class='ocrx_word' id='word_1_245' title='bbox 303 4045 345 4098; x_wconf 63' lang='lat' dir='ltr'><strong>io.</strong></span> <span class='ocrx_word' id='word_1_246' title='bbox 365 4045 508 4096; x_wconf 79' lang='lat' dir='ltr'><strong>milicem.</strong></span> <span class='ocrx_word' id='word_1_247' title='bbox 529 4047 578 4099; x_wconf 68' lang='lat' dir='ltr'><strong>tut.</strong></span> <span class='ocrx_word' id='word_1_248' title='bbox 602 4049 675 4098; x_wconf 84' lang='lat' dir='ltr'><strong>idem</strong></span> <span class='ocrx_word' id='word_1_249' title='bbox 697 4065 722 4116; x_wconf 91' lang='lat' dir='ltr'><strong>p.</strong></span> <span class='ocrx_word' id='word_1_250' title='bbox 744 4050 806 4110; x_wconf 76' lang='lat'><strong>231,</strong></span> <span class='ocrx_word' id='word_1_251' title='bbox 831 4066 868 4100; x_wconf 88' lang='grc' dir='ltr'><strong>ιο.</strong></span> <span class='ocrx_word' id='word_1_252' title='bbox 884 4047 1021 4118; x_wconf 82' lang='lat' dir='ltr'><strong>proinde,</strong></span> <span class='ocrx_word' id='word_1_253' title='bbox 1042 4055 1067 4098; x_wconf 89' lang='lat' dir='ltr'><strong>et</strong></span> <span class='ocrx_word' id='word_1_254' title='bbox 1086 4047 1259 4099; x_wconf 70' lang='lat' dir='ltr'><strong>mouumentu-</strong></span> 
     </span>
    </p>
   </div>
   <div class='ocr_carea' id='block_1_5' title="bbox 0 0 1467 4726">
    <p class='ocr_par' dir='ltr' id='par_1_5' title="bbox 0 0 1467 4726">
     <span class='ocr_line' id='line_1_36' title="bbox 0 0 1467 4726; baseline 0 0"><span class='ocrx_word' id='word_1_255' title='bbox 0 0 1467 4726; x_wconf 95' lang='lat' dir='ltr'><strong> </strong></span> 
     </span>
    </p>
   </div>
  </div>
 </body>
</html>
