2912 4730
206 416 271 478 '158
581 407 871 472 Histonttnurr

52 590 115 656 (³C
141 591 198 661 ⁶90)
211 593 291 652 fovet
312 589 466 652 aemulum
488 590 635 672 principie
654 589 773 650 labores
792 584 964 648 eccurieio
984 593 1237 686 proepcctantcm.

210 696 408 759 Reddendam
426 719 483 778 pro
505 697 715 777 intempestiva
734 694 848 756 laetitia
862 703 1009 756 maestam
1030 702 1062 753 et
1081 691 1240 750 funebrem

211 815 351 881 noctem,
373 825 434 887 qua
454 807 529 868 ceint
546 817 577 866 ct
595 809 706 866 sentiat
725 805 830 880 nivere
849 801 1006 863 Vitellium
1026 810 1057 858 et
1077 799 1239 880 imperare,

210 924 241 975 et
263 913 289 974 ai
308 911 381 994 quid
402 913 464 972 fato
499 911 629 986 aecidat,
662 909 759 972 filium
786 909 913 970 habere.
952 905 1133 988 Trepidanti
1161 906 1306 986 inter39

210 1017 305 1079 scelus
324 1029 521 1100 metumque,
551 1039 589 1078 ne
610 1016 704 1078 dilata
724 1015 824 1078 Blaesi
849 1037 932 1076 ruore
958 1025 1109 1076 maturam
1140 1015 1271 1095 perui-5

210 1129 298 1200 ciem,
322 1123 427 1208 palam·
443 1125 523 1186 inme
544 1134 678 1184 atrocem
697 1110 965 1198 iuvidiam'ferret,
985 1118 1103 1203 placuit
1122 1141 1241 1180 ueneno

209 1236 345 1316 gracum
388 1234 518 1294 Addidit
537 1233 667 1294 facinori
693 1231 785 1291 iidem
815 1232 913 1294 nobili
938 1230 1071 1314 gaudio,
1087 1227 1241 1288 atreum

209 1336 350 1403 visendo.
393 1339 477 1415 Quin
499 1349 530 1396 et
546 1339 652 1398 audita
673 1347 718 1398 eat
735 1337 908 1398 canusima
927 1337 1044 1400 Vitellii
1075 1355 1150 1413 vex,
1179 1357 1242 1418 qna

209 1464 242 1506 ee
262 1446 338 1524 (ipra
357 1443 438 1503 enirn
458 1441 702 1519 verbereieram)
722 1442 838 1523 pavisse
853 1439 960 1501 oculos
979 1450 1114 1521 spectatu
1128 1441 1241 1502 inimici

210 1558 313 1610 morte
332 1550 468 1610 iactavit.
508 1547 628 1624 Blaeso,
653 1567 750 1628 anper
765 1547 936 1608 claritatem
956 1547 1103 1608 natalium
1130 1559 1163 1610 et
1180 1547 1290 1610 ele-ru

211 1657 345 1740 gantiam
359 1675 479 1716 murum
497 1653 742 1716 fideiobstinatio
760 1655 828 1716 suit.
871 1656 998 1736 Integris
1015 1675 1138 1737 quoque
1152 1656 1245 1718 reims

210 1785 228 1825 u
250 1765 381 1825 Caecina
404 1772 439 1823 et
456 1762 643 1843 primoribus
665 1767 800 1844 partium
823 1766 883 1826 iem
897 1762 1056 1828 Vitellium
1076 1785 1242 1844 aspernari.

209 1870 292 1932 tibus
325 1867 455 1928 ambitus
476 1869 610 1932 abnuere
639 1873 853 1951 perseveravit.
894 1874 1027 1934 Sanctus
1055 1871 1241 1947 inturbidus,

211 1975 325 2040 uuiiiua
345 1979 496 2058 repentini
516 1977 662 2058 honoris,
690 1979 767 2042 adeo
786 2000 850 2040 uun
871 1981 1056 2062 principetur
1086 1989 1241 2061 appetens,

210 2103 321 2166 partim
339 2081 488 2166 effugerat
507 2103 546 2144 ne
570 2085 679 2167 dignus
698 2085 887 2149 crederetur.
1254 2089 1290 2152 15

289 2173 409 2254 ¹Fobiua
426 2189 551 2252 interim
572 2189 686 2253 Valens
706 2190 804 2258 multo
827 2211 863 2254 ac
882 2189 969 2254 molli
1000 2170 1241 2258 concubinarum
1251 2184 1307 2267 40

212 2301 444 2385 spadonumque
464 2303 583 2382 agmine
605 2303 725 2384 segnius
760 2322 854 2385 quarn
880 2300 922 2364 ad
953 2299 1068 2362 bellum
1096 2301 1242 2367 incedens

210 2407 366 2490 proditam
386 2429 404 2468 e
425 2407 542 2470 Lucilio
560 2408 653 2470 Basso
684 2409 896 2470 Ravennatem
916 2405 1041 2470 classem
1071 2411 1242 2492 peruidrns

211 2513 325 2594 nuntiis
346 2515 473 2594 accepit.
514 2513 557 2574 Et
575 2511 602 2574 ei
612 2523 753 2594 coeptum
773 2515 833 2574 iter
853 2524 1064 2592 properanti,
1083 2517 1241 2594 nutantem

212 2620 376 2683 Caecinam
398 2621 578 2701 praevenire
608 2632 662 2682 aut
688 2631 759 2682 ente
782 2618 951 2685 ,discrimen
977 2641 1098 2704 pugnae
1122 2625 1292 2704 eeaeqniqo

212 2726 347 2809 legiones
380 2727 536 2806 potuisset.
577 2709 643 2788 Nee
669 2724 795 2787 deerunt
829 2723 883 2804 qui
911 2737 1085 2804 mouerent,
1108 2739 1143 2790 ut
1172 2747 1243 2788 cnm

200 2833 363 2896 ‘fidissimis
383 2852 441 2914 per
459 2830 593 2894 occultos
621 2832 759 2894 tramites
787 2832 881 2894 vitata
914 2831 1062 2898 Ravenna
1083 2823 1243 2900 Hostilium

215 2940 440 3002 Cremonamve
461 2937 628 3024 pergeret..
650 2936 726 3000 Aliis
743 2935 887 3018 placebat
895 2943 996 3004 accitis
1007 2963 1043 3004 ea
1056 2941 1136 3005 urbe
1154 2963 1243 3024 prae·

212 3049 298 3111 teriia
327 3048 503 3112 cohortibus
533 3048 633 3112 valida
650 3098 654 3106 ,
669 3067 763 3108 maun
789 3069 995 3133 perrumpere.
1037 3054 1105 3132 Ipse
1143 3051 1242 3114 inutili

215 3160 408 3220 cunctatione
430 3157 540 3241 egendi
563 3153 918 3237 tempera-concultando
938 3163 1144 3238 consumpsit:
1173 3164 1291 3228 moxi»

213 3273 379 3347 utrumque
398 3263 556 3328 consilinm
579 3272 768 3345 aspernatus,
784 3265 868 3347 quod
886 3266 967 3326 inter
986 3262 1243 3344 ancipitiadeier·
1263 3242 1265 3246 Ι

214 3371 326 3432 rimnre
345 3383 412 3451 est,
434 3371 510 3432 dum
531 3371 630 3431 medie
650 3372 804 3451 seqnitur,
838 3395 894 3434 nec
917 3393 1005 3432 ausus
1022 3379 1067 3430 eet
1094 3371 1164 3433 satie
1183 3391 1241 3434 uec

198 3477 356 3564 providit.
398 3479 500 3543 Miesia
521 3465 570 3540 ¹nd
597 3477 753 3540 Vitellium
786 3479 894 3540 litteris
923 3457 1067 3542 anxiiium
1097 3458 1299 3562 postuletii

214 3581 337 3648 Venere
356 3596 419 3648 tres
437 3585 582 3649 cohortes
601 3607 672 3648 cum
691 3587 933 3667 aiaBritanuica,
957 3589 1055 3672 neque
1074 3589 1114 3652 ad
1132 3589 1242 3652 salien-

218 3687 292 3751 dum
313 3701 400 3772 aptus
419 3711 563 3754 numerus
590 3715 686 3777 neque
718 3693 758 3756 ad
782 3694 1009 3775 penetrandum.
1050 3697 1109 3758 Sed
1126 3697 1291 3766 Valensio

216 3817 256 3856 ue
275 3798 305 3858 iu
327 3808 412 3860 tanto
433 3799 555 3882 quidem
576 3799 750 3864 discrimine
769 3799 891 3863 iufamia
911 3805 1022 3882 carnit,
1051 3825 1113 3888 qno
1140 3803 1241 3866 miuus

217 3921 324 3984 rapere
347 3905 465 3970 illiciter
485 3907 657 3992 voluptates
676 3907 893 3990 adulteriisque
914 3933 949 3972 ac
970 3916 1079 3997 stupris
1105 3913 1241 3996 polluere
1338 3969 1341 3974 .

218 4005 371 4089 hospitum
391 4007 499 4076 domus
524 4013 710 4078 crederetur.
727 4047 736 4054 =
752 4011 890 4102 dderent
919 4019 964 4078 vis
993 4029 1024 4080 et
1051 4021 1179 4102 peuruia
1209 4031 1240 4080 et
