<?xml version="1.0" encoding="UTF-8"?>
<!DOCTYPE html PUBLIC "-//W3C//DTD XHTML 1.0 Transitional//EN"
    "http://www.w3.org/TR/xhtml1/DTD/xhtml1-transitional.dtd">
<html xmlns="http://www.w3.org/1999/xhtml" xml:lang="en" lang="en">
 <head>
  <title>
</title>
<meta http-equiv="Content-Type" content="text/html;charset=utf-8" />
  <meta name='ocr-system' content='tesseract 3.04.00' />
  <meta name='ocr-capabilities' content='ocr_page ocr_carea ocr_par ocr_line ocrx_word'/>
</head>
<body>
  <div class='ocr_page' id='page_1' title='image "./ccorneliitaciti01rittgoog_0165.png"; bbox 0 0 2912 4730; ppageno 0'>
   <div class='ocr_carea' id='block_1_1' title="bbox 503 392 1232 503">
    <p class='ocr_par' dir='ltr' id='par_1_1' title="bbox 503 392 1232 503">
     <span class='ocr_line' id='line_1_1' title="bbox 503 392 1232 503; baseline 0.007 -13"><span class='ocrx_word' id='word_1_1' title='bbox 503 431 580 491; x_wconf 83' lang='lat' dir='ltr'><strong>ma.</strong></span> <span class='ocrx_word' id='word_1_2' title='bbox 605 392 766 492; x_wconf 70' lang='lat' dir='ltr'><strong>auctr.</strong></span> <span class='ocrx_word' id='word_1_3' title='bbox 789 433 920 503; x_wconf 68' lang='lat' dir='ltr'><strong>&lt;ar-31.</strong></span> <span class='ocrx_word' id='word_1_4' title='bbox 949 483 953 494; x_wconf 81' lang='grc'><em>,</em></span> <span class='ocrx_word' id='word_1_5' title='bbox 1175 435 1232 495; x_wconf 78' lang='lat' dir='ltr'><strong>tas</strong></span> 
     </span>
    </p>
   </div>
   <div class='ocr_carea' id='block_1_2' title="bbox 68 518 1443 4112">
    <p class='ocr_par' dir='ltr' id='par_1_2' title="bbox 207 518 1443 800">
     <span class='ocr_line' id='line_1_2' title="bbox 1442 518 1443 552; baseline 0 0"><span class='ocrx_word' id='word_1_6' title='bbox 1442 518 1443 552; x_wconf 92' lang='lat' dir='ltr'><strong>l</strong></span> 
     </span>
     <span class='ocr_line' id='line_1_3' title="bbox 207 605 1393 692; baseline 0.005 -24"><span class='ocrx_word' id='word_1_7' title='bbox 207 614 311 670; x_wconf 81' lang='lat' dir='ltr'><strong>oravit.</strong></span> <span class='ocrx_word' id='word_1_8' title='bbox 352 611 455 671; x_wconf 91' lang='lat' dir='ltr'><strong>Ceteri</strong></span> <span class='ocrx_word' id='word_1_9' title='bbox 475 609 602 692; x_wconf 76' lang='lat' dir='ltr'><strong>trepidis</strong></span> <span class='ocrx_word' id='word_1_10' title='bbox 623 613 682 672; x_wconf 88' lang='lat' dir='ltr'><strong>iam</strong></span> <span class='ocrx_word' id='word_1_11' title='bbox 700 608 872 672; x_wconf 75' lang='lat' dir='ltr'>Vitellianis</span> <span class='ocrx_word' id='word_1_12' title='bbox 895 627 986 690; x_wconf 87' lang='lat' dir='ltr'><strong>seque</strong></span> <span class='ocrx_word' id='word_1_13' title='bbox 1007 629 1024 668; x_wconf 90' lang='lat' dir='ltr'><strong>e</strong></span> <span class='ocrx_word' id='word_1_14' title='bbox 1046 605 1125 669; x_wconf 84' lang='lat' dir='ltr'><strong>vallo</strong></span> <span class='ocrx_word' id='word_1_15' title='bbox 1148 627 1233 690; x_wconf 85' lang='lat' dir='ltr'><strong>prae·</strong></span> <span class='ocrx_word' id='word_1_16' title='bbox 1249 613 1276 680; x_wconf 81' lang='lat' dir='ltr'><strong>(a</strong></span> <span class='ocrx_word' id='word_1_17' title='bbox 1290 609 1319 662; x_wconf 83' lang='lat' dir='ltr'><strong>C·</strong></span> <span class='ocrx_word' id='word_1_18' title='bbox 1338 610 1393 678; x_wconf 70' lang='lat' dir='ltr'><strong>tot</strong></span> 
     </span>
     <span class='ocr_line' id='line_1_4' title="bbox 208 698 1237 800; baseline -0.002 -26"><span class='ocrx_word' id='word_1_19' title='bbox 208 715 402 798; x_wconf 82' lang='lat' dir='ltr'><strong>cipituotibus</strong></span> <span class='ocrx_word' id='word_1_20' title='bbox 430 737 607 800; x_wconf 83' lang='lat' dir='ltr'><strong>perrupere.</strong></span> <span class='ocrx_word' id='word_1_21' title='bbox 648 698 837 800; x_wconf 68' lang='lat' dir='ltr'><strong>‘Complerur</strong></span> <span class='ocrx_word' id='word_1_22' title='bbox 862 714 953 776; x_wconf 88' lang='lat' dir='ltr'><strong>caede</strong></span> <span class='ocrx_word' id='word_1_23' title='bbox 982 724 1130 796; x_wconf 89' lang='lat' dir='ltr'><strong>quantum</strong></span> <span class='ocrx_word' id='word_1_24' title='bbox 1158 713 1237 772; x_wconf 85' lang='lat' dir='ltr'><strong>inter</strong></span> 
     </span>
    </p>

    <p class='ocr_par' dir='ltr' id='par_1_3' title="bbox 142 811 1238 1118">
     <span class='ocr_line' id='line_1_5' title="bbox 142 811 1236 906; baseline -0.005 -22"><span class='ocrx_word' id='word_1_25' title='bbox 142 811 199 890; x_wconf 80' lang='grc'><strong>30</strong></span> <span class='ocrx_word' id='word_1_26' title='bbox 209 835 304 886; x_wconf 87' lang='lat' dir='ltr'><strong>castra</strong></span> <span class='ocrx_word' id='word_1_27' title='bbox 317 845 482 906; x_wconf 80' lang='lat' dir='ltr'><strong>taurosque</strong></span> <span class='ocrx_word' id='word_1_28' title='bbox 504 825 588 887; x_wconf 89' lang='lat' dir='ltr'><strong>vacui</strong></span> <span class='ocrx_word' id='word_1_29' title='bbox 603 824 668 885; x_wconf 85' lang='lat' dir='ltr'><strong>llrit.</strong></span> <span class='ocrx_word' id='word_1_30' title='bbox 711 826 758 886; x_wconf 87' lang='lat' dir='ltr'><strong>Ac</strong></span> <span class='ocrx_word' id='word_1_31' title='bbox 771 846 876 886; x_wconf 86' lang='lat' dir='ltr'><strong>rursus</strong></span> <span class='ocrx_word' id='word_1_32' title='bbox 889 845 967 884; x_wconf 88' lang='lat' dir='ltr'><strong>nova</strong></span> <span class='ocrx_word' id='word_1_33' title='bbox 983 822 1119 882; x_wconf 90' lang='lat' dir='ltr'><strong>laborum</strong></span> <span class='ocrx_word' id='word_1_34' title='bbox 1136 821 1236 894; x_wconf 85' lang='lat' dir='ltr'><strong>facies,</strong></span> 
     </span>
     <span class='ocr_line' id='line_1_6' title="bbox 207 925 1238 1010; baseline -0.006 -20"><span class='ocrx_word' id='word_1_35' title='bbox 207 931 303 991; x_wconf 83' lang='lat' dir='ltr'><strong>ardua</strong></span> <span class='ocrx_word' id='word_1_36' title='bbox 325 931 408 994; x_wconf 82' lang='lat' dir='ltr'><strong>urbis</strong></span> <span class='ocrx_word' id='word_1_37' title='bbox 431 934 569 1009; x_wconf 85' lang='lat' dir='ltr'><strong>moenia,</strong></span> <span class='ocrx_word' id='word_1_38' title='bbox 591 953 696 994; x_wconf 77' lang='lat' dir='ltr'><strong>saxeae</strong></span> <span class='ocrx_word' id='word_1_39' title='bbox 716 944 834 1008; x_wconf 86' lang='lat' dir='ltr'><strong>turres,</strong></span> <span class='ocrx_word' id='word_1_40' title='bbox 867 931 967 992; x_wconf 88' lang='lat' dir='ltr'><strong>ferrati</strong></span> <span class='ocrx_word' id='word_1_41' title='bbox 989 940 1146 1010; x_wconf 85' lang='lat' dir='ltr'><strong>portarum</strong></span> <span class='ocrx_word' id='word_1_42' title='bbox 1166 925 1238 987; x_wconf 91' lang='lat' dir='ltr'><strong>obi.</strong></span> 
     </span>
     <span class='ocr_line' id='line_1_7' title="bbox 179 1033 1238 1118; baseline -0.002 -22"><span class='ocrx_word' id='word_1_43' title='bbox 179 1033 272 1116; x_wconf 74' lang='lat' dir='ltr'><strong>bees,</strong></span> <span class='ocrx_word' id='word_1_44' title='bbox 297 1039 418 1100; x_wconf 88' lang='lat' dir='ltr'><strong>vibrans</strong></span> <span class='ocrx_word' id='word_1_45' title='bbox 436 1040 497 1099; x_wconf 86' lang='lat' dir='ltr'><strong>tela</strong></span> <span class='ocrx_word' id='word_1_46' title='bbox 519 1037 623 1109; x_wconf 80' lang='lat' dir='ltr'><strong>miles,</strong></span> <span class='ocrx_word' id='word_1_47' title='bbox 655 1039 801 1118; x_wconf 82' lang='lat' dir='ltr'><strong>frequens</strong></span> <span class='ocrx_word' id='word_1_48' title='bbox 827 1037 1049 1118; x_wconf 77' lang='lat' dir='ltr'><strong>obstrictusque</strong></span> <span class='ocrx_word' id='word_1_49' title='bbox 1067 1033 1238 1096; x_wconf 76' lang='lat' dir='ltr'><strong>Vitellianis</strong></span> 
     </span>
    </p>

    <p class='ocr_par' dir='ltr' id='par_1_4' title="bbox 110 1137 1240 1436">
     <span class='ocr_line' id='line_1_8' title="bbox 110 1137 1238 1226; baseline -0.001 -22"><span class='ocrx_word' id='word_1_50' title='bbox 110 1137 113 1142; x_wconf 41' lang='lat'>⁸</span> <span class='ocrx_word' id='word_1_51' title='bbox 206 1145 345 1226; x_wconf 86' lang='lat' dir='ltr'><strong>partibus</strong></span> <span class='ocrx_word' id='word_1_52' title='bbox 365 1145 575 1208; x_wconf 82' lang='lat' dir='ltr'><strong>Cremonensis</strong></span> <span class='ocrx_word' id='word_1_53' title='bbox 598 1144 742 1226; x_wconf 85' lang='lat' dir='ltr'><strong>populus,</strong></span> <span class='ocrx_word' id='word_1_54' title='bbox 765 1165 871 1226; x_wconf 85' lang='lat' dir='ltr'><strong>magna</strong></span> <span class='ocrx_word' id='word_1_55' title='bbox 893 1165 963 1225; x_wconf 87' lang='lat' dir='ltr'><strong>pars</strong></span> <span class='ocrx_word' id='word_1_56' title='bbox 987 1143 1092 1202; x_wconf 85' lang='lat' dir='ltr'><strong>ltaliae</strong></span> <span class='ocrx_word' id='word_1_57' title='bbox 1112 1151 1191 1203; x_wconf 86' lang='lat' dir='ltr'><strong>stato</strong></span> <span class='ocrx_word' id='word_1_58' title='bbox 1207 1143 1238 1203; x_wconf 89' lang='lat' dir='ltr'><strong>in</strong></span> 
     </span>
     <span class='ocr_line' id='line_1_9' title="bbox 190 1249 1239 1333; baseline -0.006 -21"><span class='ocrx_word' id='word_1_59' title='bbox 190 1251 328 1312; x_wconf 84' lang='lat' dir='ltr'><strong>&#39;eosdem</strong></span> <span class='ocrx_word' id='word_1_60' title='bbox 350 1249 413 1310; x_wconf 84' lang='lat' dir='ltr'><strong>dics</strong></span> <span class='ocrx_word' id='word_1_61' title='bbox 438 1262 573 1312; x_wconf 87' lang='lat' dir='ltr'><strong>mercatu</strong></span> <span class='ocrx_word' id='word_1_62' title='bbox 595 1260 786 1333; x_wconf 86' lang='lat' dir='ltr'><strong>congregata;</strong></span> <span class='ocrx_word' id='word_1_63' title='bbox 818 1249 902 1332; x_wconf 88' lang='lat' dir='ltr'><strong>quod</strong></span> <span class='ocrx_word' id='word_1_64' title='bbox 924 1249 1131 1312; x_wconf 78' lang='lat' dir='ltr'><strong>defensoribus</strong></span> <span class='ocrx_word' id='word_1_65' title='bbox 1152 1251 1239 1308; x_wconf 86' lang='lat' dir='ltr'><strong>auxi.</strong></span> 
     </span>
     <span class='ocr_line' id='line_1_10' title="bbox 209 1355 1240 1436; baseline -0.002 -20"><span class='ocrx_word' id='word_1_66' title='bbox 209 1357 284 1416; x_wconf 89' lang='lat' dir='ltr'><strong>lium</strong></span> <span class='ocrx_word' id='word_1_67' title='bbox 313 1357 354 1418; x_wconf 90' lang='lat' dir='ltr'><strong>ob</strong></span> <span class='ocrx_word' id='word_1_68' title='bbox 382 1355 624 1431; x_wconf 83' lang='lat' dir='ltr'><strong>multitudinem,</strong></span> <span class='ocrx_word' id='word_1_69' title='bbox 659 1357 904 1436; x_wconf 75' lang='lat' dir='ltr'><strong>oppugnantibus</strong></span> <span class='ocrx_word' id='word_1_70' title='bbox 941 1357 1166 1416; x_wconf 84' lang='lat' dir='ltr'><strong>incitamentum</strong></span> <span class='ocrx_word' id='word_1_71' title='bbox 1199 1355 1240 1415; x_wconf 89' lang='lat' dir='ltr'><strong>ab</strong></span> 
     </span>
    </p>

    <p class='ocr_par' dir='ltr' id='par_1_5' title="bbox 168 1462 1239 1545">
     <span class='ocr_line' id='line_1_11' title="bbox 168 1462 1239 1545; baseline 0.002 -25"><span class='ocrx_word' id='word_1_72' title='bbox 168 1493 170 1497; x_wconf 36' lang='lat' dir='ltr'>v</span> <span class='ocrx_word' id='word_1_73' title='bbox 208 1464 353 1542; x_wconf 86' lang='lat' dir='ltr'><strong>praedam</strong></span> <span class='ocrx_word' id='word_1_74' title='bbox 374 1473 449 1525; x_wconf 89' lang='lat' dir='ltr'><strong>erat.</strong></span> <span class='ocrx_word' id='word_1_75' title='bbox 494 1463 566 1542; x_wconf 84' lang='lat' dir='ltr'><strong>Rapi</strong></span> <span class='ocrx_word' id='word_1_76' title='bbox 587 1465 673 1544; x_wconf 84' lang='lat' dir='ltr'><strong>ignes</strong></span> <span class='ocrx_word' id='word_1_77' title='bbox 690 1463 841 1526; x_wconf 78' lang='lat' dir='ltr'><strong>Antonius</strong></span> <span class='ocrx_word' id='word_1_78' title='bbox 869 1462 1035 1545; x_wconf 81' lang='lat' dir='ltr'><strong>inferrique</strong></span> <span class='ocrx_word' id='word_1_79' title='bbox 1064 1463 1239 1524; x_wconf 86' lang='lat' dir='ltr'><strong>amoenissi-</strong></span> 
     </span>
    </p>

    <p class='ocr_par' dir='ltr' id='par_1_6' title="bbox 68 1567 1337 1866">
     <span class='ocr_line' id='line_1_12' title="bbox 68 1567 1337 1647; baseline 0.002 -19"><span class='ocrx_word' id='word_1_80' title='bbox 68 1604 73 1610; x_wconf 89' lang='lat'>·</span> <span class='ocrx_word' id='word_1_81' title='bbox 163 1570 264 1637; x_wconf 73' lang='lat' dir='ltr'><strong>menis</strong></span> <span class='ocrx_word' id='word_1_82' title='bbox 284 1578 367 1628; x_wconf 80' lang='lat' dir='ltr'><strong>extra</strong></span> <span class='ocrx_word' id='word_1_83' title='bbox 387 1567 495 1630; x_wconf 86' lang='lat' dir='ltr'><strong>urbem</strong></span> <span class='ocrx_word' id='word_1_84' title='bbox 514 1569 659 1630; x_wconf 87' lang='lat' dir='ltr'><strong>aediliciis</strong></span> <span class='ocrx_word' id='word_1_85' title='bbox 680 1567 784 1647; x_wconf 89' lang='lat' dir='ltr'><strong>iubet,</strong></span> <span class='ocrx_word' id='word_1_86' title='bbox 815 1567 841 1628; x_wconf 87' lang='lat' dir='ltr'><strong>si</strong></span> <span class='ocrx_word' id='word_1_87' title='bbox 860 1567 971 1628; x_wconf 88' lang='lat' dir='ltr'><strong>damno</strong></span> <span class='ocrx_word' id='word_1_88' title='bbox 993 1587 1094 1630; x_wconf 86' lang='lat' dir='ltr'><strong>rernm</strong></span> <span class='ocrx_word' id='word_1_89' title='bbox 1116 1589 1240 1632; x_wconf 88' lang='lat' dir='ltr'><strong>suarum</strong></span> <span class='ocrx_word' id='word_1_90' title='bbox 1331 1619 1337 1630; x_wconf 72' lang='grc'><strong>,</strong></span> 
     </span>
     <span class='ocr_line' id='line_1_13' title="bbox 209 1674 1240 1759; baseline 0.001 -22"><span class='ocrx_word' id='word_1_91' title='bbox 209 1677 424 1749; x_wconf 77' lang='lat' dir='ltr'><strong>Cremonenses</strong></span> <span class='ocrx_word' id='word_1_92' title='bbox 445 1674 484 1736; x_wconf 87' lang='lat' dir='ltr'><strong>ed</strong></span> <span class='ocrx_word' id='word_1_93' title='bbox 498 1676 676 1738; x_wconf 83' lang='lat' dir='ltr'><strong>mutandam</strong></span> <span class='ocrx_word' id='word_1_94' title='bbox 697 1676 789 1738; x_wconf 87' lang='lat' dir='ltr'><strong>fidem</strong></span> <span class='ocrx_word' id='word_1_95' title='bbox 809 1674 1019 1745; x_wconf 83' lang='lat' dir='ltr'><strong>traherentur.</strong></span> <span class='ocrx_word' id='word_1_96' title='bbox 1060 1676 1240 1759; x_wconf 88' lang='lat' dir='ltr'><strong>Propinqua</strong></span> 
     </span>
     <span class='ocr_line' id='line_1_14' title="bbox 208 1781 1298 1866; baseline 0.003 -24"><span class='ocrx_word' id='word_1_97' title='bbox 208 1784 304 1842; x_wconf 87' lang='lat' dir='ltr'><strong>muris</strong></span> <span class='ocrx_word' id='word_1_98' title='bbox 324 1791 406 1844; x_wconf 87' lang='lat' dir='ltr'><strong>tecta</strong></span> <span class='ocrx_word' id='word_1_99' title='bbox 430 1791 460 1843; x_wconf 92' lang='lat' dir='ltr'><strong>et</strong></span> <span class='ocrx_word' id='word_1_100' title='bbox 480 1781 671 1846; x_wconf 90' lang='lat' dir='ltr'><strong>altitudinem</strong></span> <span class='ocrx_word' id='word_1_101' title='bbox 684 1783 837 1844; x_wconf 89' lang='lat' dir='ltr'><strong>moenium</strong></span> <span class='ocrx_word' id='word_1_102' title='bbox 849 1799 966 1864; x_wconf 88' lang='lat' dir='ltr'><strong>egressa</strong></span> <span class='ocrx_word' id='word_1_103' title='bbox 988 1781 1240 1866; x_wconf 84' lang='lat' dir='ltr'><strong>fortissimoque·</strong></span> <span class='ocrx_word' id='word_1_104' title='bbox 1294 1851 1298 1858; x_wconf 55' lang='grc'>,</span> 
     </span>
    </p>

    <p class='ocr_par' dir='ltr' id='par_1_7' title="bbox 146 1885 1242 4007">
     <span class='ocr_line' id='line_1_15' title="bbox 187 1885 1241 1978; baseline 0.005 -30"><span class='ocrx_word' id='word_1_105' title='bbox 187 1910 267 1978; x_wconf 64' lang='grc' dir='ltr'><strong>1ᾳιιθ</strong></span> <span class='ocrx_word' id='word_1_106' title='bbox 288 1885 418 1950; x_wconf 89' lang='lat' dir='ltr'><strong>militum</strong></span> <span class='ocrx_word' id='word_1_107' title='bbox 451 1889 600 1972; x_wconf 79' lang='lat' dir='ltr'><strong>complet3</strong></span> <span class='ocrx_word' id='word_1_108' title='bbox 632 1887 677 1951; x_wconf 89' lang='lat' dir='ltr'><strong>llll</strong></span> <span class='ocrx_word' id='word_1_109' title='bbox 708 1888 848 1950; x_wconf 88' lang='lat' dir='ltr'><strong>trabibus</strong></span> <span class='ocrx_word' id='word_1_110' title='bbox 871 1889 1039 1972; x_wconf 83' lang='lat' dir='ltr'><strong>tegulisque</strong></span> <span class='ocrx_word' id='word_1_111' title='bbox 1067 1901 1097 1951; x_wconf 89' lang='lat' dir='ltr'><strong>et</strong></span> <span class='ocrx_word' id='word_1_112' title='bbox 1123 1891 1241 1952; x_wconf 84' lang='lat' dir='ltr'><strong>lacibus</strong></span> 
     </span>
     <span class='ocr_line' id='line_1_16' title="bbox 146 1997 1240 2079; baseline 0.001 -23"><span class='ocrx_word' id='word_1_113' title='bbox 146 1999 192 2078; x_wconf 70' lang='grc'><strong>31</strong></span> <span class='ocrx_word' id='word_1_114' title='bbox 211 2009 446 2078; x_wconf 82' lang='lat' dir='ltr'><strong>propugnatores</strong></span> <span class='ocrx_word' id='word_1_115' title='bbox 466 1997 642 2059; x_wconf 82' lang='lat' dir='ltr'><strong>deturbant</strong></span> <span class='ocrx_word' id='word_1_116' title='bbox 685 1999 749 2058; x_wconf 91' lang='lat' dir='ltr'><strong>lam</strong></span> <span class='ocrx_word' id='word_1_117' title='bbox 770 1997 901 2079; x_wconf 80' lang='lat' dir='ltr'><strong>legiones</strong></span> <span class='ocrx_word' id='word_1_118' title='bbox 922 1997 1155 2060; x_wconf 22' lang='lat' dir='ltr'><strong>initastudinem</strong></span> <span class='ocrx_word' id='word_1_119' title='bbox 1177 1998 1240 2079; x_wconf 89' lang='lat' dir='ltr'><strong>glo·</strong></span> 
     </span>
     <span class='ocr_line' id='line_1_17' title="bbox 165 2101 1242 2186; baseline 0.002 -24"><span class='ocrx_word' id='word_1_120' title='bbox 165 2102 415 2174; x_wconf 78' lang='lat' dir='ltr'><strong>15merabantur,</strong></span> <span class='ocrx_word' id='word_1_121' title='bbox 437 2111 467 2160; x_wconf 90' lang='lat' dir='ltr'><strong>et</strong></span> <span class='ocrx_word' id='word_1_122' title='bbox 488 2101 539 2162; x_wconf 88' lang='lat' dir='ltr'><strong>alii</strong></span> <span class='ocrx_word' id='word_1_123' title='bbox 558 2102 620 2162; x_wconf 89' lang='lat' dir='ltr'><strong>tela</strong></span> <span class='ocrx_word' id='word_1_124' title='bbox 640 2121 768 2186; x_wconf 79' lang='lat' dir='ltr'><strong>saraque</strong></span> <span class='ocrx_word' id='word_1_125' title='bbox 789 2103 998 2176; x_wconf 84' lang='lat' dir='ltr'><strong>incutiebant,</strong></span> <span class='ocrx_word' id='word_1_126' title='bbox 1027 2125 1097 2164; x_wconf 90' lang='lat' dir='ltr'><strong>cnm</strong></span> <span class='ocrx_word' id='word_1_127' title='bbox 1118 2104 1242 2185; x_wconf 89' lang='lat' dir='ltr'><strong>langue·</strong></span> 
     </span>
     <span class='ocr_line' id='line_1_18' title="bbox 211 2204 1242 2289; baseline 0.004 -23"><span class='ocrx_word' id='word_1_128' title='bbox 211 2227 294 2266; x_wconf 86' lang='lat' dir='ltr'><strong>scere</strong></span> <span class='ocrx_word' id='word_1_129' title='bbox 313 2207 461 2286; x_wconf 89' lang='lat' dir='ltr'><strong>paulatim</strong></span> <span class='ocrx_word' id='word_1_130' title='bbox 482 2204 720 2270; x_wconf 85' lang='lat' dir='ltr'><strong>Vitellianorum</strong></span> <span class='ocrx_word' id='word_1_131' title='bbox 741 2207 843 2268; x_wconf 86' lang='lat' dir='ltr'><strong>animi.</strong></span> <span class='ocrx_word' id='word_1_132' title='bbox 883 2208 929 2266; x_wconf 92' lang='lat' dir='ltr'><strong>Ut</strong></span> <span class='ocrx_word' id='word_1_133' title='bbox 957 2207 1024 2289; x_wconf 89' lang='lat' dir='ltr'><strong>quis</strong></span> <span class='ocrx_word' id='word_1_134' title='bbox 1047 2209 1155 2270; x_wconf 90' lang='lat' dir='ltr'><strong>ordine</strong></span> <span class='ocrx_word' id='word_1_135' title='bbox 1186 2231 1242 2270; x_wconf 91' lang='lat' dir='ltr'><strong>an-</strong></span> 
     </span>
     <span class='ocr_line' id='line_1_19' title="bbox 211 2307 1241 2394; baseline 0.007 -22"><span class='ocrx_word' id='word_1_136' title='bbox 211 2312 323 2384; x_wconf 82' lang='lat' dir='ltr'><strong>teibat,</strong></span> <span class='ocrx_word' id='word_1_137' title='bbox 348 2308 456 2371; x_wconf 88' lang='lat' dir='ltr'><strong>cedere</strong></span> <span class='ocrx_word' id='word_1_138' title='bbox 473 2307 633 2387; x_wconf 78' lang='lat' dir='ltr'><strong>fortunae,</strong></span> <span class='ocrx_word' id='word_1_139' title='bbox 658 2331 696 2370; x_wconf 86' lang='lat' dir='ltr'><strong>nc</strong></span> <span class='ocrx_word' id='word_1_140' title='bbox 714 2311 866 2370; x_wconf 82' lang='lat' dir='ltr'><strong>Cremona</strong></span> <span class='ocrx_word' id='word_1_141' title='bbox 886 2331 1004 2394; x_wconf 87' lang='lat' dir='ltr'><strong>quoque</strong></span> <span class='ocrx_word' id='word_1_142' title='bbox 1035 2314 1131 2375; x_wconf 82' lang='lat' dir='ltr'><strong>excisa</strong></span> <span class='ocrx_word' id='word_1_143' title='bbox 1158 2315 1241 2380; x_wconf 89' lang='lat' dir='ltr'><strong>nulla</strong></span> 
     </span>
     <span class='ocr_line' id='line_1_20' title="bbox 212 2417 1240 2505; baseline 0.005 -24"><span class='ocrx_word' id='word_1_144' title='bbox 212 2419 418 2496; x_wconf 71' lang='lat' dir='ltr'><strong>ultraneum,</strong></span> <span class='ocrx_word' id='word_1_145' title='bbox 438 2418 661 2499; x_wconf 86' lang='lat' dir='ltr'><strong>omnisqueira</strong></span> <span class='ocrx_word' id='word_1_146' title='bbox 684 2417 811 2480; x_wconf 88' lang='lat' dir='ltr'><strong>victoris</strong></span> <span class='ocrx_word' id='word_1_147' title='bbox 835 2439 895 2478; x_wconf 89' lang='lat' dir='ltr'><strong>non</strong></span> <span class='ocrx_word' id='word_1_148' title='bbox 916 2418 947 2480; x_wconf 90' lang='lat' dir='ltr'><strong>in</strong></span> <span class='ocrx_word' id='word_1_149' title='bbox 971 2419 1077 2502; x_wconf 86' lang='lat' dir='ltr'><strong>volgus</strong></span> <span class='ocrx_word' id='word_1_150' title='bbox 1093 2422 1179 2505; x_wconf 92' lang='lat' dir='ltr'><strong>inops</strong></span> <span class='ocrx_word' id='word_1_151' title='bbox 1187 2426 1240 2486; x_wconf 87' lang='lat' dir='ltr'><strong>sed</strong></span> 
     </span>
     <span class='ocr_line' id='line_1_21' title="bbox 211 2523 1239 2608; baseline 0.003 -19"><span class='ocrx_word' id='word_1_152' title='bbox 211 2531 242 2589; x_wconf 91' lang='lat' dir='ltr'><strong>in</strong></span> <span class='ocrx_word' id='word_1_153' title='bbox 265 2528 407 2590; x_wconf 82' lang='lat' dir='ltr'><strong>tribunos</strong></span> <span class='ocrx_word' id='word_1_154' title='bbox 428 2525 692 2608; x_wconf 82' lang='lat' dir='ltr'><strong>centurionesque,</strong></span> <span class='ocrx_word' id='word_1_155' title='bbox 712 2523 903 2606; x_wconf 89' lang='lat' dir='ltr'><strong>ubipretium</strong></span> <span class='ocrx_word' id='word_1_156' title='bbox 922 2526 1020 2588; x_wconf 90' lang='lat' dir='ltr'><strong>caedis</strong></span> <span class='ocrx_word' id='word_1_157' title='bbox 1039 2537 1113 2608; x_wconf 90' lang='lat' dir='ltr'><strong>erat,</strong></span> <span class='ocrx_word' id='word_1_158' title='bbox 1135 2551 1239 2592; x_wconf 86' lang='lat' dir='ltr'><strong>rever-</strong></span> 
     </span>
     <span class='ocr_line' id='line_1_22' title="bbox 165 2632 1240 2716; baseline 0.003 -20"><span class='ocrx_word' id='word_1_159' title='bbox 165 2653 203 2696; x_wconf 84' lang='lat' dir='ltr'><strong>ne</strong></span> <span class='ocrx_word' id='word_1_160' title='bbox 214 2646 352 2702; x_wconf 57' lang='lat' dir='ltr'><strong>teretur„</strong></span> <span class='ocrx_word' id='word_1_161' title='bbox 379 2633 546 2716; x_wconf 78' lang='lat' dir='ltr'><strong>Gregorius</strong></span> <span class='ocrx_word' id='word_1_162' title='bbox 563 2632 752 2694; x_wconf 85' lang='lat' dir='ltr'><strong>milesluturi</strong></span> <span class='ocrx_word' id='word_1_163' title='bbox 769 2653 871 2694; x_wconf 87' lang='lat' dir='ltr'><strong>socors</strong></span> <span class='ocrx_word' id='word_1_164' title='bbox 891 2643 921 2695; x_wconf 89' lang='lat' dir='ltr'><strong>et</strong></span> <span class='ocrx_word' id='word_1_165' title='bbox 937 2635 1121 2716; x_wconf 86' lang='lat' dir='ltr'><strong>ignobilitate</strong></span> <span class='ocrx_word' id='word_1_166' title='bbox 1143 2639 1240 2700; x_wconf 85' lang='lat' dir='ltr'><strong>tutior</strong></span> 
     </span>
     <span class='ocr_line' id='line_1_23' title="bbox 213 2742 1240 2826; baseline 0.002 -22"><span class='ocrx_word' id='word_1_167' title='bbox 213 2745 374 2826; x_wconf 88' lang='lat' dir='ltr'><strong>perstabat.</strong></span> <span class='ocrx_word' id='word_1_168' title='bbox 413 2743 495 2824; x_wconf 82' lang='lat' dir='ltr'><strong>.Vagi</strong></span> <span class='ocrx_word' id='word_1_169' title='bbox 515 2763 568 2825; x_wconf 89' lang='lat' dir='ltr'><strong>per</strong></span> <span class='ocrx_word' id='word_1_170' title='bbox 588 2743 669 2817; x_wconf 88' lang='lat' dir='ltr'><strong>vias,</strong></span> <span class='ocrx_word' id='word_1_171' title='bbox 700 2745 733 2802; x_wconf 94' lang='lat' dir='ltr'><strong>in</strong></span> <span class='ocrx_word' id='word_1_172' title='bbox 765 2742 904 2805; x_wconf 87' lang='lat' dir='ltr'><strong>domibus</strong></span> <span class='ocrx_word' id='word_1_173' title='bbox 929 2743 1041 2822; x_wconf 88' lang='lat' dir='ltr'><strong>abditi,</strong></span> <span class='ocrx_word' id='word_1_174' title='bbox 1069 2765 1171 2826; x_wconf 90' lang='lat' dir='ltr'><strong>paoem</strong></span> <span class='ocrx_word' id='word_1_175' title='bbox 1202 2766 1240 2806; x_wconf 92' lang='lat' dir='ltr'><strong>ne</strong></span> 
     </span>
     <span class='ocr_line' id='line_1_24' title="bbox 213 2848 1239 2932; baseline 0.003 -22"><span class='ocrx_word' id='word_1_176' title='bbox 213 2861 276 2912; x_wconf 89' lang='lat' dir='ltr'><strong>tum</strong></span> <span class='ocrx_word' id='word_1_177' title='bbox 302 2850 424 2932; x_wconf 88' lang='lat' dir='ltr'><strong>quidem</strong></span> <span class='ocrx_word' id='word_1_178' title='bbox 453 2850 599 2930; x_wconf 87' lang='lat' dir='ltr'><strong>orabant,</strong></span> <span class='ocrx_word' id='word_1_179' title='bbox 635 2870 704 2912; x_wconf 88' lang='lat' dir='ltr'><strong>oum</strong></span> <span class='ocrx_word' id='word_1_180' title='bbox 723 2848 836 2911; x_wconf 90' lang='lat' dir='ltr'><strong>bellum</strong></span> <span class='ocrx_word' id='word_1_181' title='bbox 869 2854 1046 2932; x_wconf 83' lang='lat' dir='ltr'><strong>posuissent.</strong></span> <span class='ocrx_word' id='word_1_182' title='bbox 1087 2853 1239 2914; x_wconf 88' lang='lat' dir='ltr'><strong>Primores</strong></span> 
     </span>
     <span class='ocr_line' id='line_1_25' title="bbox 214 2947 1238 3042; baseline 0.003 -23"><span class='ocrx_word' id='word_1_183' title='bbox 214 2947 395 3020; x_wconf 83' lang='lat' dir='ltr'><strong>castrorum.</strong></span> <span class='ocrx_word' id='word_1_184' title='bbox 409 2979 517 3018; x_wconf 86' lang='lat' dir='ltr'><strong>nomen</strong></span> <span class='ocrx_word' id='word_1_185' title='bbox 529 2969 619 3042; x_wconf 89' lang='lat' dir='ltr'><strong>atque</strong></span> <span class='ocrx_word' id='word_1_186' title='bbox 635 2959 782 3042; x_wconf 83' lang='lat' dir='ltr'><strong>imagines</strong></span> <span class='ocrx_word' id='word_1_187' title='bbox 795 2957 910 3022; x_wconf 89' lang='lat' dir='ltr'><strong>Vitellii</strong></span> <span class='ocrx_word' id='word_1_188' title='bbox 929 2957 1125 3040; x_wconf 83' lang='lat' dir='ltr'><strong>amoliuntur.</strong></span> <span class='ocrx_word' id='word_1_189' title='bbox 1149 2961 1238 3022; x_wconf 85' lang='lat' dir='ltr'><strong>Cate-</strong></span> 
     </span>
     <span class='ocr_line' id='line_1_26' title="bbox 214 3053 1237 3151; baseline 0 -25"><span class='ocrx_word' id='word_1_190' title='bbox 214 3087 269 3126; x_wconf 88' lang='lat' dir='ltr'><strong>nas</strong></span> <span class='ocrx_word' id='word_1_191' title='bbox 301 3066 448 3127; x_wconf 87' lang='lat' dir='ltr'><strong>Caecinae</strong></span> <span class='ocrx_word' id='word_1_192' title='bbox 475 3072 556 3142; x_wconf 85' lang='lat' dir='ltr'><strong>(nam</strong></span> <span class='ocrx_word' id='word_1_193' title='bbox 587 3069 772 3151; x_wconf 86' lang='lat' dir='ltr'><strong>etiamtum</strong></span> <span class='ocrx_word' id='word_1_194' title='bbox 803 3071 921 3130; x_wconf 87' lang='lat' dir='ltr'><strong>vinctus</strong></span> <span class='ocrx_word' id='word_1_195' title='bbox 958 3068 1038 3151; x_wconf 82' lang='lat' dir='ltr'><strong>erat)</strong></span> <span class='ocrx_word' id='word_1_196' title='bbox 1073 3053 1237 3142; x_wconf 79' lang='lat' dir='ltr'><strong>exsolvunt,</strong></span> 
     </span>
     <span class='ocr_line' id='line_1_27' title="bbox 168 3160 1238 3266; baseline 0.001 -32"><span class='ocrx_word' id='word_1_197' title='bbox 168 3160 372 3256; x_wconf 81' lang='lat' dir='ltr'><strong>²5orantque,</strong></span> <span class='ocrx_word' id='word_1_198' title='bbox 396 3185 431 3236; x_wconf 91' lang='lat' dir='ltr'><strong>ut</strong></span> <span class='ocrx_word' id='word_1_199' title='bbox 443 3195 547 3236; x_wconf 87' lang='lat' dir='ltr'><strong>causac</strong></span> <span class='ocrx_word' id='word_1_200' title='bbox 567 3195 637 3237; x_wconf 88' lang='lat' dir='ltr'><strong>auae</strong></span> <span class='ocrx_word' id='word_1_201' title='bbox 658 3175 836 3266; x_wconf 76' lang='lat' dir='ltr'><strong>deprecator</strong></span> <span class='ocrx_word' id='word_1_202' title='bbox 848 3179 976 3238; x_wconf 88' lang='lat' dir='ltr'><strong>assistat.</strong></span> <span class='ocrx_word' id='word_1_203' title='bbox 1019 3175 1238 3255; x_wconf 87' lang='lat' dir='ltr'><strong>Aspernantem</strong></span> 
     </span>
     <span class='ocr_line' id='line_1_28' title="bbox 215 3282 1239 3366; baseline 0.002 -24"><span class='ocrx_word' id='word_1_204' title='bbox 215 3293 441 3364; x_wconf 85' lang='lat' dir='ltr'><strong>tumentemque</strong></span> <span class='ocrx_word' id='word_1_205' title='bbox 462 3282 594 3344; x_wconf 84' lang='lat' dir='ltr'><strong>lacrimis</strong></span> <span class='ocrx_word' id='word_1_206' title='bbox 624 3282 765 3366; x_wconf 83' lang='lat' dir='ltr'><strong>fatigant,</strong></span> <span class='ocrx_word' id='word_1_207' title='bbox 797 3289 962 3346; x_wconf 88' lang='lat' dir='ltr'><strong>extremum</strong></span> <span class='ocrx_word' id='word_1_208' title='bbox 994 3287 1159 3358; x_wconf 88' lang='lat' dir='ltr'><strong>malorum,</strong></span> <span class='ocrx_word' id='word_1_209' title='bbox 1196 3293 1239 3344; x_wconf 92' lang='lat' dir='ltr'><strong>tot</strong></span> 
     </span>
     <span class='ocr_line' id='line_1_29' title="bbox 215 3376 1237 3471; baseline -0.002 -21"><span class='ocrx_word' id='word_1_210' title='bbox 215 3390 367 3451; x_wconf 81' lang='lat' dir='ltr'><strong>fortissimi</strong></span> <span class='ocrx_word' id='word_1_211' title='bbox 388 3389 444 3450; x_wconf 90' lang='lat' dir='ltr'><strong>viri</strong></span> <span class='ocrx_word' id='word_1_212' title='bbox 468 3389 629 3470; x_wconf 86' lang='lat' dir='ltr'><strong>proditoris</strong></span> <span class='ocrx_word' id='word_1_213' title='bbox 650 3409 738 3471; x_wconf 90' lang='lat' dir='ltr'><strong>opem</strong></span> <span class='ocrx_word' id='word_1_214' title='bbox 757 3394 943 3454; x_wconf 85' lang='lat' dir='ltr'><strong>invocantes.</strong></span> <span class='ocrx_word' id='word_1_215' title='bbox 988 3393 1057 3453; x_wconf 86' lang='lat' dir='ltr'><strong>Mor</strong></span> <span class='ocrx_word' id='word_1_216' title='bbox 1073 3376 1237 3448; x_wconf 84' lang='lat' dir='ltr'><strong>velamenta</strong></span> 
     </span>
     <span class='ocr_line' id='line_1_30' title="bbox 215 3495 1237 3578; baseline -0.004 -18"><span class='ocrx_word' id='word_1_217' title='bbox 215 3510 246 3560; x_wconf 88' lang='lat' dir='ltr'><strong>et</strong></span> <span class='ocrx_word' id='word_1_218' title='bbox 282 3495 392 3558; x_wconf 85' lang='lat' dir='ltr'><strong>infulas</strong></span> <span class='ocrx_word' id='word_1_219' title='bbox 412 3517 469 3578; x_wconf 87' lang='lat' dir='ltr'><strong>pro</strong></span> <span class='ocrx_word' id='word_1_220' title='bbox 500 3496 597 3558; x_wconf 89' lang='lat' dir='ltr'><strong>muris</strong></span> <span class='ocrx_word' id='word_1_221' title='bbox 616 3505 779 3560; x_wconf 88' lang='lat' dir='ltr'><strong>ostentant.</strong></span> <span class='ocrx_word' id='word_1_222' title='bbox 823 3500 900 3563; x_wconf 89' lang='lat' dir='ltr'><strong>Cum</strong></span> <span class='ocrx_word' id='word_1_223' title='bbox 929 3497 1075 3560; x_wconf 80' lang='lat' dir='ltr'><strong>Antonius</strong></span> <span class='ocrx_word' id='word_1_224' title='bbox 1105 3495 1237 3558; x_wconf 82' lang='lat' dir='ltr'><strong>inhiberi</strong></span> 
     </span>
     <span class='ocr_line' id='line_1_31' title="bbox 216 3599 1237 3686; baseline -0.003 -21"><span class='ocrx_word' id='word_1_225' title='bbox 216 3607 273 3666; x_wconf 88' lang='lat' dir='ltr'><strong>tela</strong></span> <span class='ocrx_word' id='word_1_226' title='bbox 292 3599 437 3682; x_wconf 84' lang='lat' dir='ltr'><strong>iussisset,</strong></span> <span class='ocrx_word' id='word_1_227' title='bbox 462 3602 545 3686; x_wconf 91' lang='lat' dir='ltr'><strong>signa</strong></span> <span class='ocrx_word' id='word_1_228' title='bbox 556 3601 729 3686; x_wconf 88' lang='lat' dir='ltr'><strong>aquilasque</strong></span> <span class='ocrx_word' id='word_1_229' title='bbox 747 3605 897 3666; x_wconf 77' lang='lat' dir='ltr'><strong>extulere:</strong></span> <span class='ocrx_word' id='word_1_230' title='bbox 920 3612 1064 3664; x_wconf 87' lang='lat' dir='ltr'><strong>maestum</strong></span> <span class='ocrx_word' id='word_1_231' title='bbox 1077 3603 1237 3664; x_wconf 86' lang='lat' dir='ltr'><strong>inermium</strong></span> 
     </span>
     <span class='ocr_line' id='line_1_32' title="bbox 169 3707 1236 3792; baseline -0.001 -20"><span class='ocrx_word' id='word_1_232' title='bbox 169 3725 209 3788; x_wconf 74' lang='lat'><strong>30</strong></span> <span class='ocrx_word' id='word_1_233' title='bbox 218 3732 343 3792; x_wconf 88' lang='lat' dir='ltr'><strong>agmen,</strong></span> <span class='ocrx_word' id='word_1_234' title='bbox 366 3710 488 3770; x_wconf 87' lang='lat' dir='ltr'><strong>deiectis</strong></span> <span class='ocrx_word' id='word_1_235' title='bbox 517 3711 547 3768; x_wconf 90' lang='lat' dir='ltr'><strong>in</strong></span> <span class='ocrx_word' id='word_1_236' title='bbox 572 3720 684 3770; x_wconf 87' lang='lat' dir='ltr'><strong>terram</strong></span> <span class='ocrx_word' id='word_1_237' title='bbox 719 3711 829 3788; x_wconf 85' lang='lat' dir='ltr'><strong>oculis,</strong></span> <span class='ocrx_word' id='word_1_238' title='bbox 863 3707 1054 3790; x_wconf 86' lang='lat' dir='ltr'><strong>sequebatur.</strong></span> <span class='ocrx_word' id='word_1_239' title='bbox 1097 3713 1236 3772; x_wconf 90' lang='lat' dir='ltr'><strong>Circum·</strong></span> 
     </span>
     <span class='ocr_line' id='line_1_33' title="bbox 218 3818 1236 3901; baseline 0 -23"><span class='ocrx_word' id='word_1_240' title='bbox 218 3821 356 3880; x_wconf 79' lang='lat' dir='ltr'><strong>stiterunt</strong></span> <span class='ocrx_word' id='word_1_241' title='bbox 381 3819 527 3896; x_wconf 82' lang='lat' dir='ltr'><strong>victores,</strong></span> <span class='ocrx_word' id='word_1_242' title='bbox 557 3829 587 3878; x_wconf 89' lang='lat' dir='ltr'><strong>et</strong></span> <span class='ocrx_word' id='word_1_243' title='bbox 607 3818 705 3898; x_wconf 81' lang='lat' dir='ltr'><strong>primo</strong></span> <span class='ocrx_word' id='word_1_244' title='bbox 735 3819 912 3901; x_wconf 86' lang='lat' dir='ltr'><strong>ingerebant</strong></span> <span class='ocrx_word' id='word_1_245' title='bbox 928 3818 1073 3899; x_wconf 71' lang='lat' dir='ltr'><strong>probra,</strong></span> <span class='ocrx_word' id='word_1_246' title='bbox 1107 3822 1236 3882; x_wconf 89' lang='lat' dir='ltr'><strong>intenta-</strong></span> 
     </span>
     <span class='ocr_line' id='line_1_34' title="bbox 217 3923 1237 4007; baseline -0.001 -23"><span class='ocrx_word' id='word_1_247' title='bbox 217 3925 290 3984; x_wconf 81' lang='lat' dir='ltr'><strong>bant</strong></span> <span class='ocrx_word' id='word_1_248' title='bbox 310 3927 403 3984; x_wconf 86' lang='lat' dir='ltr'><strong>ictus:</strong></span> <span class='ocrx_word' id='word_1_249' title='bbox 427 3945 512 3998; x_wconf 84' lang='lat' dir='ltr'><strong>mor,</strong></span> <span class='ocrx_word' id='word_1_250' title='bbox 535 3935 567 3983; x_wconf 91' lang='lat' dir='ltr'><strong>ut</strong></span> <span class='ocrx_word' id='word_1_251' title='bbox 589 3924 727 4006; x_wconf 87' lang='lat' dir='ltr'><strong>praeberi</strong></span> <span class='ocrx_word' id='word_1_252' title='bbox 758 3945 812 3984; x_wconf 88' lang='lat' dir='ltr'><strong>nra</strong></span> <span class='ocrx_word' id='word_1_253' title='bbox 844 3923 1046 4002; x_wconf 87' lang='lat' dir='ltr'><strong>contumeliis,</strong></span> <span class='ocrx_word' id='word_1_254' title='bbox 1083 3938 1112 3986; x_wconf 91' lang='lat' dir='ltr'><strong>ct</strong></span> <span class='ocrx_word' id='word_1_255' title='bbox 1142 3927 1237 4007; x_wconf 87' lang='lat' dir='ltr'><strong>posita</strong></span> 
     </span>
    </p>

    <p class='ocr_par' dir='ltr' id='par_1_8' title="bbox 173 4011 1238 4112">
     <span class='ocr_line' id='line_1_35' title="bbox 173 4011 1238 4112; baseline 0.002 -23"><span class='ocrx_word' id='word_1_256' title='bbox 173 4011 176 4018; x_wconf 39' lang='lat'>¹</span> <span class='ocrx_word' id='word_1_257' title='bbox 221 4034 301 4090; x_wconf 86' lang='lat' dir='ltr'><strong>omni</strong></span> <span class='ocrx_word' id='word_1_258' title='bbox 323 4033 433 4092; x_wconf 82' lang='lat' dir='ltr'><strong>ferocia</strong></span> <span class='ocrx_word' id='word_1_259' title='bbox 457 4043 562 4094; x_wconf 85' lang='lat' dir='ltr'><strong>cuncta</strong></span> <span class='ocrx_word' id='word_1_260' title='bbox 585 4033 656 4093; x_wconf 89' lang='lat' dir='ltr'><strong>victi</strong></span> <span class='ocrx_word' id='word_1_261' title='bbox 673 4032 877 4112; x_wconf 85' lang='lat' dir='ltr'><strong>patiebantur,</strong></span> <span class='ocrx_word' id='word_1_262' title='bbox 902 4033 981 4094; x_wconf 87' lang='lat' dir='ltr'><strong>subit</strong></span> <span class='ocrx_word' id='word_1_263' title='bbox 995 4017 1161 4095; x_wconf 82' lang='lat' dir='ltr'><strong>recordatio</strong></span> <span class='ocrx_word' id='word_1_264' title='bbox 1175 4029 1238 4091; x_wconf 91' lang='lat' dir='ltr'><strong>illos</strong></span> 
     </span>
    </p>
   </div>
   <div class='ocr_carea' id='block_1_3' title="bbox 0 0 1460 4730">
    <p class='ocr_par' dir='ltr' id='par_1_9' title="bbox 0 0 1460 4730">
     <span class='ocr_line' id='line_1_36' title="bbox 0 0 1460 4730; baseline 0 0"><span class='ocrx_word' id='word_1_265' title='bbox 0 0 1460 4730; x_wconf 95' lang='lat' dir='ltr'><strong> </strong></span> 
     </span>
    </p>
   </div>
  </div>
 </body>
</html>
