2912 4730
136 454 138 458 ,
214 393 273 466 ειν
326 359 329 376 i
581 380 870 466 ursromraorr

53 598 78 664 (a
99 593 127 646 c
143 578 351 663 69)discursu
380 589 466 660 terga
481 578 650 638 cinxerant
678 579 802 674 equites.
858 577 985 660 Signum
1024 595 1141 658 pugnae
1178 595 1239 638 uon

174 687 310 746 statim
331 685 503 746 aSuetonio
523 683 651 744 Paulino
667 669 759 766 pediti
782 685 898 746 dr.rtum
943 683 1109 742 Cunctator
1120 690 1239 754 natura,

210 805 240 854 et
261 795 311 854 cui
332 803 421 853 cauta
442 793 538 872 potius
569 791 692 850 consilia
726 812 795 851 curn
824 793 944 852 ratione
971 811 1061 872 quam
1091 808 1240 870 prospera
1267 797 1273 804 '

133 934 136 938 ·
209 923 245 962 ex
267 922 336 960 casu
355 897 524 980 placerent,
549 898 693 979 compleri
714 899 818 974 fossas,
842 901 956 980 aperiri
975 917 1125 979 campum,
1149 895 1240 976 pandi

208 1006 305 1068 aciem
326 1006 468 1086 iubebat,
493 1007 562 1068 satis
583 1009 643 1070 cito
664 1006 759 1089 incipi
780 1009 938 1068 victoriam
960 1018 1063 1080 ratus,
1093 1005 1147 1066 ubi
1169 1003 1269 1088 pro-5

208 1111 306 1172 visum
329 1111 404 1172 foret
425 1133 463 1171 ne
484 1115 689 1176 vincerentur.
732 1113 778 1173 Ea
806 1113 1001 1174 cunctatione
1030 1114 1161 1195 spatium
1182 1114 1241 1174 Vi-

206 1218 334 1279 tellianis
358 1217 461 1278 datum
481 1219 513 1277 in
534 1219 637 1278 vineas
660 1237 737 1276 nexu
772 1219 934 1278 traducum
970 1219 1128 1300 impeditas
1160 1217 1241 1278 refu-

207 1321 321 1404 giendi.
363 1321 405 1380 Et
431 1321 552 1381 modica
585 1322 658 1382 silva
691 1320 897 1402 adlraerebat;
929 1323 1010 1384 unde
1040 1345 1144 1388 rursus
1173 1326 1241 1386 ausi

126 1425 128 1440 '
206 1427 448 1512 promptissimos
467 1431 732 1510 praetorianorum
764 1431 903 1512 equitum
930 1429 1121 1510 interfecere.
1164 1429 1245 1490 Vot-

206 1545 332 1595 neratur
353 1550 415 1597 rex'
428 1537 611 1619 Epiphanes,
634 1538 762 1620 impigre
782 1560 841 1618 pro
857 1539 981 1602 Othone
1002 1537 1291 1620 pugnamciens.1⁰

204 1643 287 1704 Tum
300 1645 496 1706 Othonianus
514 1645 603 1726 pedes
624 1645 737 1725 erupit.
781 1643 1056 1708 Protritahostium
1076 1627 1306 1721 acie-versihss

206 1751 238 1809 in
261 1753 362 1833 fugam
385 1750 475 1811 etiam
495 1749 546 1830 qui
558 1748 786 1810 subveniebant.
830 1750 909 1810 Nam
925 1749 1053 1810 Caecina
1075 1771 1138 1812 non
1152 1751 1242 1814 simul

207 1857 348 1919 cobortes
370 1856 425 1917 sed
444 1855 575 1936 singulas
597 1857 767 1932 acciverat3
790 1873 939 1934 quaeres
960 1856 991 1912 in
1014 1854 1125 1936 praelio
1145 1861 1241 1942 trepi-

163 2001 166 2020 r
207 1963 366 2039 dationem
388 1963 491 2040 auxit,
512 1960 583 2020 cum
603 1961 757 2040 dispersos
780 1978 983 2038 necunquam
1007 1957 1122 2024 validos
1145 1943 1241 2046 pavor

206 2045 389 2154 fugientium
411 2071 574 2152 abriperet.
618 2069 749 2126 Ortaet
770 2066 801 2124 in
824 2067 929 2126 caetris
940 2067 1062 2148 seditio,
1083 2073 1238 2152 quodncn
1253 2077 1288 2138 r5

116 2175 117 2188 ¹
205 2182 341 2242 universi
364 2182 557 2242 ducerentur.
600 2177 728 2236 Vinctus
750 2173 919 2256 praefectus
953 2180 1239 2246 castrorumlulius

206 2287 333 2362 Gratus,
355 2297 499 2368 tanquam
520 2283 606 2342 fratri
629 2281 708 2364 apud
732 2281 886 2342 Othonem
918 2280 1060 2340 militanti
1089 2275 1239 2363 proditiu-

207 2407 275 2452 'ncm
299 2401 421 2472 ageret,
442 2409 511 2448 cum
532 2387 656 2446 fratrem
686 2388 750 2448 eius
780 2385 891 2446 lulium
918 2386 1106 2450 Frontonem
1139 2393 1237 2454 tribu·

198 2519 286 2560 uum
302 2499 469 2558 Othoniani
492 2495 549 2556 sub
579 2494 686 2556 codem
718 2494 844 2554 crimine
872 2492 1049 2557 vinxissent.
1094 2497 1252 2561 Ceterum„

207 2641 470 2659 ...Μ

207 2725 251 2774 uis
271 2723 345 2773 frons
364 2718 543 2790 sequentihus
561 2716 687 2770 hostibus
705 2715 818 2769 adversa
836 2723 904 2773 erat.
939 2717 994 2769 Sed
1010 2719 1116 2776 codices
1137 2724 1235 2778 etedi.

208 2828 281 2869 tores
301 2830 357 2866 non
376 2817 509 2886 legionis,
524 2814 572 2866 sed
589 2815 727 2884 legionum
745 2811 887 2882 praebent,
907 2815 1021 2885 quodsi
1040 2827 1081 2871 est
1098 2821 1236 2882 aTacito,

210 2910 234 2958 is
256 2907 400 2960 admodum
417 2909 600 2978 negligenter,
620 2922 655 2956 nc
674 2906 760 2957 dicam
777 2906 891 2969 vitiose,
910 2906 1016 2962 locutus
1034 2919 1082 2964 est.
1117 2915 1185 2966 Nam
1203 2888 1235 2966 ex

208 3001 393 3078 descriptione
410 3016 431 3050 c.
451 3007 493 3068 αἱ..
512 2997 603 3068 posita
620 2998 734 3066 apparet
753 2998 868 3067 primam
888 3002 1076 3054 tantummodo
1102 3005 1237 3074 legionem

208 3097 274 3148 huic
290 3095 392 3163 praelio
410 3095 533 3148 affuisse:
552 3099 657 3144 ceterae
675 3093 769 3160 copiae
788 3090 864 3144 fuere
883 3093 1018 3148 vexillarii
1037 3097 1134 3150 tertiae
1153 3101 1237 3152 decu-

208 3206 266 3241 mae
287 3191 421 3258 legionis,
450 3173 580 3240 cohortes¹
604 3183 764 3247 auxiliares,
788 3190 972 3254 praetoriani,
999 3193 1115 3260 equites.
1155 3196 1236 3246 Dicat

208 3285 309 3355 aliquis
326 3283 451 3335 'facitum
469 3282 625 3334 vexillarios
647 3280 823 3352 etlegionem
844 3286 956 3352 primam
983 3285 1126 3360 brepitatis
1154 3301 1235 3338 eausa

209 3381 319 3432 nomine
337 3379 474 3449 legionum
493 3374 743 3444 comprehendisse:
767 3375 815 3426 sed
833 3379 967 3432 eiusmodi
994 3379 1113 3433 brevitas
1134 3379 1234 3430 vitiosa
1303 3361 1305 3373 ¹

209 3479 267 3534 est,
285 3477 342 3522 tum
358 3487 421 3522 vern
442 3469 496 3536 ipsi
512 3466 655 3518 vexillare·
672 3483 727 3520 nou
748 3485 806 3520 cum
825 3469 931 3538 legione
953 3472 981 3521 in
999 3470 1110 3526 adversa
1132 3471 1233 3534 fronte,

210 3565 258 3618 sed
276 3581 336 3614 cum
355 3560 513 3616 cohortibus
530 3559 691 3612 auxiliorum
709 3561 738 3612 in
758 3563 865 3614 sinistra
890 3571 966 3632 parte
994 3565 1120 3620 collocati
1147 3573 1234 3616 erant.

209 3664 265 3712 lam
284 3675 344 3710 cum
360 3658 455 3708 vitium
476 3655 649 3707 manifestum
659 3655 755 3706 'l'acito
775 3657 896 3708 tribuere
914 3673 969 3708 uon
988 3661 1099 3728 possim,
1115 3660 1234 3730 legionis
1289 3650 1294 3662 '

211 3755 293 3815 dedi,
313 3760 341 3804 et
357 3751 421 3804 inde
439 3753 575 3822 legionum
591 3766 624 3800 ex
641 3752 789 3820 scripturae
808 3751 966 3820 compendio
985 3749 1113 3834 (legioni)
1138 3761 1233 3808 natum

211 3865 269 3902 esse
287 3855 388 3904 statuo.
424 3823 553 3900 blcuendi
573 3855 636 3900 sunt
652 3846 792 3915 imperiti,
808 3841 855 3899 'ne
873 3845 947 3898 bunc
966 3848 1054 3901 locum
1083 3865 1132 3921 per
1152 3865 1234 3919 prae-

211 3943 352 3995 cedentem
370 3939 403 4010 (c.
422 3955 463 3994 sa.
479 3940 567 4011 init),
598 3938 647 3990 ubi
666 3945 707 3988 est
723 3935 832 3988 densum
856 3939 993 4008 legionum
1021 3961 1133 4016 agmen,
1161 3943 1234 3994 tueri

211 4039 314 4096 reliut:
332 4036 391 4090 cius
409 4036 482 4090 enim
499 4036 553 4090 loci
571 4033 688 4094 aliaest
704 4028 794 4094 ratio,
813 4033 878 4088 satis
896 4035 1029 4106 explicata
1048 4055 1063 4090 a
1081 4037 1233 4100 Waltlrcrc.
