2912 4730
193 403 197 414 '
240 425 338 506 144,
599 421 902 488 *nrsronnnuu

61 633 91 702 (a
106 629 137 682 α
153 633 217 704 69.)
230 607 342 691 praeda
363 606 480 691 praelio
501 616 707 668 occurrerent.
753 605 886 668 Pauidus
908 602 1032 667 interim
1041 597 1142 664 Varus
1164 599 1276 664 turbae

230 736 362 778 suornm
382 717 550 790 miscetur,
573 713 738 798 intulitque
759 713 963 776 formidinem.
1006 709 1092 773 Pulsi
1113 729 1183 772 cum
1204 730 1277 770 sau-

230 826 287 887 ciis
305 824 419 906 integri
439 833 559 906 suomet
577 823 632 906 ipsi
654 833 794 885 metuet·
821 821 968 904 angustiis
996 819 1116 880 viarum
1145 817 1277 880 conflic-

230 933 391 996 tabantur.
435 931 561 996 Nullum
583 933 614 993 in
637 931 693 994 illa
711 929 914 1013 trepidatione
939 931 1090 992 Antonius
1111 927 1276 989 constantis
1290 923 1342 1003 Π
1433 949 1434 952 “

231 1039 316 1101 ducis
338 1050 392 1101 aut
411 1039 571 1102 fortissimi
592 1038 696 1101 militis
718 1037 852 1100 officium
873 1037 986 1099 omisit.
1030 1037 1201 1098 Occursare
1221 1033 1307 1116 pa·5

230 1149 391 1226 ventibus,
426 1149 563 1210 retinere
597 1147 761 1225 cedentes,
791 1147 847 1210 uhi
877 1144 1029 1228 plurimus
1061 1142 1164 1220 labor,
1194 1141 1279 1202 unde

231 1256 336 1342 aliqua
356 1278 425 1340 spes
438 1303 448 1330 ,
461 1255 597 1320 consilio
618 1277 712 1316 manu
738 1275 813 1316 voce
833 1256 959 1339 insignis
981 1253 1074 1332 hosti,
1096 1251 1280 1334 conspicuus

231 1367 304 1430 suis.
346 1365 394 1427 Eo
416 1376 571 1449 postremo
603 1361 725 1424 ardoris
756 1373 920 1444 provectus
951 1372 997 1427 est
1025 1371 1062 1422 ut
1088 1357 1281 1427 vexillarium

231 1475 400 1559 fugientem
420 1473 508 1536 hasta
528 1470 809 1536 transverberaret.
851 1469 923 1532 Mox
946 1478 1070 1552 raptum
1092 1467 1279 1536 vexillumiu

232 1585 352 1648 hostem
373 1582 476 1644 vertit.
519 1579 590 1656 Quo
601 1576 720 1660 pudore
729 1575 814 1638 haud
831 1577 936 1660 plnres
952 1598 1045 1661 quam
1058 1589 1182 1642 centum
1192 1581 1279 1662 eqni·
1294 1587 1331 1630 ¹⁰
1433 1609 1434 1648 ἐ

143 1701 145 1710 ’
230 1705 277 1756 tes
298 1693 448 1754 restitere.
489 1689 571 1750 iuvit
592 1687 692 1767 locus,
718 1688 837 1753 artiore
855 1686 919 1751 illic
939 1689 990 1752 via
1010 1698 1043 1750 et
1062 1687 1161 1752 fracto
1179 1691 1281 1752 inter·

232 1801 357 1864 fluentis
377 1797 436 1858 riri
457 1806 565 1878 ponte,
584 1799 639 1880 qui
664 1796 890 1861 ineertualveo
910 1807 942 1862 et
962 1798 1180 1882 praecipitibus
1207 1801 1280 1881 ripis

230 1909 336 1989 fugam
357 1901 553 1984 impediebat
595 1904 642 1968 Ea
665 1905 828 1968 necessitas
860 1927 915 1966 seu
937 1905 1062 1967 fortuna
1091 1904 1190 1988 lapsas
1218 1907 1280 1968 iarn

231 2022 336 2098 partes
356 2010 500 2074 restituit.
543 2009 673 2074 Firmati
687 2015 768 2075 inter
789 2033 822 2074 se
833 2011 935 2076 densis
947 2013 1280 2096 ordinibusexcipiunt

232 2117 420 2185 Vitellianos
439 2129 555 2182 tancre
576 2117 703 2182 effusos·
738 2117 844 2209 Atque
864 2119 910 2182 illi
924 2131 1169 2188 consternantur.
1204 2120 1278 2182 dn·
1296 2109 1333 2174 ¹5

232 2227 336 2291 tonius
355 2229 471 2294 instare
489 2223 653 2310 perculsis,
673 2235 814 2288 sternere
834 2225 957 2290 obvius.
999 2224 1096 2288 Simul
1118 2230 1226 2306 ceteri,
1245 2239 1281 2290 nt

232 2335 346 2420 cuique
378 2329 554 2417 ingenium,
588 2331 722 2416 spoliare
748 2350 877 2418 capere,
905 2354 991 2402 arma
1019 2353 1173 2418 equosque
1196 2336 1297 2398 abui«
1343 2351 1352 2368 ‘

232 2459 317 2528 pere.
358 2441 401 2502 Et
420 2442 510 2504 exciti
530 2462 675 2524 prospero
701 2441 857 2522 elamore,
872 2503 876 2512 ,
890 2443 944 2523 qui
974 2441 1069 2504 modo
1100 2463 1160 2525 per
1189 2465 1278 2528 agros

231 2554 305 2634 suge
327 2548 527 2632 palabantur,
547 2552 695 2624 victoriae
715 2573 748 2614 se
778 2529 959 2612 miscebant.
1003 2551 1055 2614 'Ad
1085 2563 1229 2637 quartum
1258 2547 1346 2630 2118

233 2663 389 2726 Cremona
421 2657 553 2742 lapidem
580 2659 695 2742 fulsere
725 2657 880 2742 legionum
910 2661 995 2742 tigna
1026 2662 1156 2746 Rapacis
1186 2673 1330 2748 atquem
1432 2673 1433 2678 ’

234 2766 377 2844 italicae,
407 2764 487 2837 iaetu
507 2767 589 2830 inter
622 2769 710 2830 initia
734 2767 875 2853 ,equitum
907 2788 1033 2830 suorum
1059 2769 1181 2852 praelio
1206 2767 1279 2830 illuc

234 2897 333 2958 usque
352 2885 505 2958 provecta.
548 2875 609 2938 Sed
629 2877 683 2938 ubi
704 2875 827 2945 fortuna
845 2871 952 2948 eontra
972 2877 1047 2955 fuit,
1082 2891 1144 2942 non
1177 2881 1280 2942 laxare
1432 2951 1433 2960 χ

237 2983 380 3058 ordines,
401 3005 465 3046 non
485 2986 623 3066 recipcre
642 2981 802 3062 turbatos,
824 3005 885 3060 non
906 2987 1031 3051 obviam
1061 2987 1107 3050 ire
1133 2985 1279 3069 ultroque
1432 2971 1433 3028 ἕ

236 3092 362 3176 adgredi
389 3091 508 3156 hostem
537 3102 656 3152 tantum
681 3111 735 3172 per
764 3094 893 3173 spatium
928 3117 1020 3158 cursu
1053 3107 1083 3158 et
1111 3096 1278 3180 pugnaudo
1432 3029 1433 3120 d

154 3211 159 3228 ⁸
235 3201 361 3264 sessum.
403 3200 498 3261 Forte
517 3199 592 3260 victi
614 3197 697 3256 haud
717 3200 842 3279 perinde
867 3203 963 3266 rebus
982 3205 1137 3286 prosperis
1167 3206 1278 3270 ducem
1288 3197 1328 3265 25

237 3309 489 3375 desideraverant
509 3316 601 3387 atque
625 3306 656 3364 in
679 3305 812 3399 adversis
836 3309 1183 3395 deusseiuteiiegebaut.
1215 3318 1281 3376 Nu-

236 3421 351 3487 tantem
374 3419 469 3480 aciem
489 3416 589 3478 victor
612 3419 761 3498 equitatus
779 3421 932 3495 incursat,
961 3432 991 3484 et
1011 3421 1176 3502 Vipstanus
1197 3423 1280 3484 Mes-

236 3523 299 3590 sala
329 3528 475 3592 tribunus
504 3543 574 3587 cum
593 3525 732 3586 Moesicis
753 3526 948 3620 auxiliaribus
979 3531 1169 3610 assequitur,
1201 3550 1278 3612 quus

237 3644 485 3660 *a*

332 3719 353 3753 ι.
372 3711 530 3752 occurreret
553 3695 598 3751 Itia
615 3699 648 3771 (si
668 3677 773 3770 Ryulsio
800 3697 896 3771 fides),
923 3706 951 3754 et
979 3702 1003 3755 3.
1031 3701 1168 3774 integrum
1197 3723 1275 3758 saum

238 3811 264 3854 ea
285 3796 347 3869 spu.
478 3790 481 3798 ·
858 3783 861 3791 '
1158 3780 1161 3788 ’

327 3911 351 3962 7.
369 3892 465 3976 atiquo
491 3893 550 3960 Mi,
579 3903 607 3948 et
636 3911 674 3950 rr.
699 3887 840 3961 risisterm
876 3899 904 3945 et
935 3893 974 3951 rt.
1005 3912 1099 3966 ornnes
1121 3871 1203 3952 illic:
1229 3895 1276 3947 illc·

239 3985 393 4039 Rhenanus.
645 4051 647 4055 Ι

311 4082 622 4155 22.'provsctasetlt1³·
642 4081 716 4134 tuem
736 4099 762 4154 p.
787 4082 842 4150 146,
864 4098 902 4134 ro.
924 4084 1015 4154 plana.
1056 4119 1059 4124 ·
