2890 4728
590 425 685 490 CAP.
708 421 840 492 asss-ll.
1157 420 1217 487 349

193 631 315 674 ornnem
336 607 532 670 valitudinem
560 609 637 687 eius,
669 607 806 669 erebrius
824 625 915 687 quam
937 623 971 666 es
991 619 1075 662 more
1099 599 1217 682 prinei.

193 731 282 802 patus
302 737 358 798 per
376 716 497 776 nuntios
518 714 660 788 visentis,
687 723 717 773 ct
736 709 913 770 libertorum
932 707 1024 792 primi
1055 712 1087 768 et
1120 706 1218 766 medi.

108 809 113 814 ³
195 845 302 885 corum
324 823 418 886 iutimi
440 843 567 900 venere,
589 822 652 882 sive
672 839 745 878 cura
767 815 843 876 illud
862 815 925 876 sive
941 849 943 856 =
958 815 1119 897 inquisitio
1141 823 1219 873 erat.

193 929 480 1014 Supremo'quidem
497 930 556 990 die*
567 935 717 988 momenta
731 922 896 984 deficientis
908 942 965 1006 per
977 921 1133 1002 dispositos
1146 941 1219 980 cur.

167 1045 276 1118 5sores
289 1040 427 1098 nurslieta
448 1033 617 1110 constabat,
640 1030 724 1092 nullo
746 1029 889 1118 credente
908 1030 952 1090 sie
972 1029 1132 1088 accelerari
1144 1045 1222 1109 quse
1264 1046 1270 1055 “

196 1146 290 1206 tristis
322 1143 452 1204 audiret.
507 1139 651 1222 Speciem
667 1148 767 1198 tamen
794 1136 906 1198 doloris
942 1138 1043 1197 animo
1074 1133 1225 1217 voltuque
1297 1134 1303 1150 ’

197 1268 272 1331 prae
292 1269 323 1310 se
344 1247 437 1328 tulit,
459 1267 582 1309 securus
601 1247 661 1306 iam
683 1243 763 1318 odii,
794 1254 825 1306 et
846 1245 897 1325 qui
918 1243 1033 1305 facilius
1055 1241 1224 1304 dissimula-

195 1365 246 1420 ret
269 1356 412 1437 gaudium
434 1373 530 1438 quam
566 1359 692 1413 metum.
733 1348 812 1410 Setis
844 1348 1000 1410 constabat
1028 1330 1105 1410 lecto
1135 1358 1226 1410 testa-

136 1455 139 1466 ’
196 1472 301 1524 mento
321 1461 501 1544 Agricolae,
524 1479 585 1541 qao
606 1457 784 1520 coheredem
802 1460 934 1538 optimae
954 1455 1040 1517 uxori
1070 1466 1101 1516 et
1128 1457 1226 1538 piissi·
1284 1483 1288 1486 ’

153 1577 264 1644 winae
284 1563 583 1628 filiaeDomilieaum
601 1561 734 1644 scripsit,
756 1562 901 1624 laetatum
920 1581 990 1622 eum
1005 1557 1090 1624 velut
1110 1561 1228 1625 bonore

196 1674 380 1768 indicioque
421 1670 500 1732 Tem
519 1689 607 1730 caece
628 1677 658 1730 et
678 1677 827 1750 corrupte
847 1687 933 1744 ruens
965 1666 1093 1730 assiduis
1121 1665 1228 1730 adula-

197 1780 345 1842 tionibus
353 1789 431 1857 eret,
454 1787 489 1837 ut
508 1765 648 1838 nesciret
658 1796 676 1838 s
696 1776 874 1859 bonopatre
896 1795 958 1836 uon
977 1773 1071 1838 scribi
1085 1774 1227 1838 heredem

202 1889 260 1950 nisi
284 1885 396 1948 melum
418 1885 597 1968 principem.

136 1987 192 2072 44
283 1993 377 2054 Natus
398 2001 465 2052 erat
484 1989 625 2070 Agricola
646 1973 724 2050 Geio
737 1991 863 2050 Caesare
882 1987 1015 2068 primum
1036 1989 1162 2051 consule
1171 1991 1229 2052 idi-

158 2103 261 2173 15bus
283 2097 391 2160 luniisz
413 2097 537 2155 excessit
556 2104 638 2154 sexto
658 2103 689 2151 et
708 2093 954 2172 quinquagesimo
985 2111 1065 2154 enno
1076 2137 1087 2172 ,
1115 2093 1232 2174 decimo

204 2203 344 2268 calendas
380 2197 565 2278 Septembris
600 2191 721 2275 Collega
749 2193 916 2276 Priscoque
937 2181 1120 2262 consulibus.
1139 2201 1232 2278 Quod

207 2316 232 2376 si
253 2309 391 2374 hobitum
413 2325 534 2388 quoque
554 2305 617 2366 eius
638 2301 752 2384 posteri
772 2322 896 2365 noscere
927 2301 1042 2386 velint,
1073 2303 1233 2370 decentior

208 2441 301 2506 quam
320 2414 480 2478 sublimior
500 2409 576 2474 fuit:
599 2406 675 2472 nibil
695 2420 791 2472 metus
814 2411 843 2472 in
864 2409 966 2488 voltu;
988 2414 1085 2499 gratia
1104 2417 1167 2478 oris
1182 2437 1233 2478 su-

207 2523 499 2613 petresilinum
521 2520 620 2580 virum
642 2517 729 2580 facile
752 2518 888 2582 crederes
897 2542 1069 2604 ,maguam
1089 2523 1231 2586 libenter.

162 2633 279 2719 20Et
269 2652 332 2714 rpse
352 2628 488 2714 quidem,
513 2645 689 2709 quanquam
709 2625 841 2688 medio
832 2647 862 2687 m
877 2631 974 2715 spallo
984 2631 1119 2713 integrae
1128 2633 1235 2694 aetatis

210 2751 346 2820 ereptus,
365 2746 512 2819 quantum
534 2717 574 2794 ed
594 2733 731 2816 gloriam,
755 2731 961 2818 longissimum
981 2755 1091 2801 aevum
1113 2739 1237 2888 peregit.

301 2969 324 3022 5.
347 2976 481 3048 momenta
509 2964 569 3032 ipsa
595 2961 647 3016 Vb
681 2964 745 3016 Mox
776 2965 802 3016 5
827 2965 970 3066 constabat
992 2963 1153 3018 Rhenanus·
1184 2953 1236 3016 su

215 3040 387 3120 constabani.

300 3175 325 3228 9.
344 3153 495 3228 piissimae]
513 3151 555 3206 Aa
573 3151 712 3220 religiosas
730 3150 868 3204 Ciceronis
888 3166 965 3204 aures
992 3150 1061 3204 baec
1081 3149 1240 3220 superlativi

213 3249 303 3309 iorme
319 3247 475 3308 admodum,
500 3246 594 3300 odioso
619 3253 647 3298 et
667 3245 834 3296 incommode
856 3245 969 3298 recidite
963 3263 1049 3312 ·asm
1068 3262 1127 3304 eum
1156 3249 1240 3316 scrip-

216 3349 294 3400 sisset
311 3347 348 3399 Μ.
380 3343 515 3410 Antonius
540 3357 590 3404 nee
619 3331 715 3412 Lepidi
741 3341 900 3394 sacietatem
928 3341 1056 3404 violare,
1081 3341 1241 3412 piissimi

216 3439 356 3501 bominis,
378 3437 586 3508 ipseseposuit
598 3425 715 3503 Philipp.
738 3409 1241 3505 13,19‚43.tdporrnnepins

106 3567 108 3571 v
217 3527 336 3602 quidem,
349 3528 398 3582 sed
412 3530 511 3598 piiss
521 3530 605 3581 imos
625 3527 753 3597 quaeris,
773 3539 799 3578 es
812 3525 886 3600 quad
894 3526 1005 3580 verbum
1014 3528 1124 3610 osnnina
1136 3528 1241 3608 nullum

219 3625 249 3676 in
267 3624 366 3695 lingua
382 3623 485 3677 basina
503 3633 559 3684 ast,
579 3619 610 3674 id
622 3633 736 3690 propter
751 3632 825 3672 tuam
843 3619 965 3672 diuinam
990 3605 1118 3691 pietatem
1144 3637 1242 3674 novum

222 3711 338 3769 inducie.
363 3716 449 3770 idem
468 3715 563 3769 Cicera
579 3713 761 3784 improbasset
776 3713 850 3766 bsud
866 3713 950 3768 dubie
971 3703 1081 3770 ior'msm
1110 3715 1242 3770 strenuis-

220 3809 318 3871 simus,
334 3827 413 3880 quam
432 3814 543 3866 'l'eeitas
562 3809 671 3862 admisit
691 3808 723 3859 fl.
742 3809 795 3872 lV,
815 3811 856 3880 ⁶9·

158 3903 161 3914 ¹
293 3907 331 3972 ti·
345 3911 462 3976 primurn
481 3907 650 3964 buchnerus:
668 3905 711 3960 dli
732 3919 782 3961 ssr.
819 3905 881 3960 Mox
912 3909 948 3961 rs.
965 3909 1076 3977 impetus
1103 3905 1165 3964 Vb,
1187 3917 1242 3954 uon

222 4013 314 4054 metus.
