2886 4726
519 355 592 420 mn
616 296 939 478 inopem—ss.
1065 437 1067 444 ,
1182 323 1243 432 ess

176 523 178 532 Α
207 545 296 598 tunm
318 545 492 600 nostrorum
513 538 664 600 fortunam
685 539 766 616 rati,
788 538 907 621 volgato
930 559 1055 602 rumore
1079 561 1096 602 o
1116 542 1235 608 Sarme-
1250 545 1277 613 (ι
1297 543 1326 598 C·
1346 547 1401 615 7⁰·l

208 643 250 702 tis
270 643 421 726 Dacisque
449 645 580 706 Moesica
611 667 646 706 ee
673 645 849 707 Pannonica
869 645 993 708 hiberno
1016 649 1231 710 circumsideri.

182 745 302 806 Paria
325 748 363 809 de
382 750 541 812 Britannia
575 751 781 832 fingebantur.
833 751 893 810 Sed
927 751 1001 812 nihil
1023 773 1232 836 nequequam

206 852 384 915 incendium
409 857 574 944 Capitolii,
612 871 646 920 ut
675 859 797 920 finem
788 859 916 940 imperio
937 859 1038 922 adesse
1058 861 1229 938 crederent,

143 959 383 1040 5impnlerat.
428 967 554 1046 Captum
575 963 648 1026 olim
672 985 689 1026 a
713 965 805 1028 Gallis
828 965 945 1043 urbem,
964 967 1017 1030 sed
1039 969 1154 1050 integre
1180 971 1233 1032 lo·

202 1069 249 1128 vis
284 1068 357 1152 'sede
382 1071 524 1132 mansisse
558 1072 746 1153 imperium.¹
773 1071 873 1144 Fateli
904 1093 984 1134 nunc
1013 1073 1081 1157 igne
1111 1077 1229 1156 signum

171 1230 173 1238 ,
202 1175 341 1238 caelestis
361 1171 426 1238 irae
447 1177 566 1254 datum,
604 1189 633 1240 et
657 1178 871 1260 possessionem
903 1200 1006 1240 rerum
1028 1180 1229 1244 humanarum

201 1283 414 1364 Transalpinis
432 1283 571 1366 gentibus
591 1284 732 1366 portendi
752 1285 966 1368 superstitione
993 1305 1071 1348 vane
1093 1287 1227 1350 Druidae

200 1389 360 1450 cauebant.
421 1391 642 1470 Incesscratque
682 1391 761 1450 fama
795 1391 943 1472 primores
981 1392 1149 1456 Galliarum
1188 1396 1227 1456 ab

154 1495 327 1562 mothone
349 1496 495 1558 adversus
519 1497 675 1560 Vitellium
696 1499 798 1560 missos
817 1541 827 1576 ,
848 1510 1009 1582 autequam
1030 1498 1224 1581 digrederer.

161 1685 164 1688 „
196 1615 268 1676 tur,
291 1605 436 1684 pepigisse
455 1624 492 1663 ne
515 1603 655 1668 deessent
675 1601 828 1682 libertati,
851 1605 876 1666 si
889 1604 1042 1688 'populum
1054 1605 1223 1664 Romanum

195 1692 499 1780 coutinus'civiliun
514 1705 672 1771 bellorum
692 1711 782 1770 series
803 1718 834 1770 et
860 1709 980 1770 interna
1009 1705 1087 1770 mala
1115 1711 1224 1794 fregis-

127 1803 272 1884 55sent.
314 1811 401 1886 Ante¹
417 1813 518 1876 Flacci
541 1818 709 1880 Hordeonii
729 1817 853 1880 caedem
875 1817 951 1878 nihil
972 1821 1136 1902 prorupit,
1159 1842 1220 1904 quo

192 1921 362 2012 coniuratio
383 1921 619 2005 intellegeretur.
671 1924 837 1986 interfecto
871 1923 1049 1986 Hordeonio
1071 1946 1222 1988 commee-

146 2042 268 2106 ¹5vere
297 2030 397 2090 nuntii
427 2033 507 2092 iuter
531 2013 659 2095 Civilem
688 2033 916 2112 ‘Classicumque
942 2033 1131 2110 praefectum
1157 2034 1224 2096 alac

191 2136 415 2196 Treverorum.
469 2134 618 2194 Classicus
651 2133 808 2194 nobilitate
836 2133 1005 2214 opibusque
1034 2148 1103 2196 ante
1137 2137 1222 2200 alios.

192 2243 321 2322 Regium
335 2237 380 2305 illi
390 2259 481 2318 genus
492 2251 521 2298 et
531 2261 603 2320 pace
614 2223 755 2320 belloque
768 2238 848 2298 clara
868 2239 971 2320 origo:
995 2239 1056 2320 ipse
1069 2262 1085 2300 e
1100 2242 1223 2306 melori·

192 2347 251 2409 bus
272 2347 333 2406 suis
349 2345 442 2406 hostis
458 2345 562 2428 populi
574 2347 702 2407 Romani
725 2365 816 2426 quam
834 2344 933 2406 socius
950 2345 1116 2422 [iactabatJ.
1157 2353 1221 2412 Mi.

192 2474 304 2517 scuere
318 2473 383 2514 sese
404 2453 496 2516 lulius
517 2455 619 2516 Tutor
638 2465 668 2516 et
690 2436 784 2516 lulius
804 2455 944 2527 Sabinus,
963 2453 1011 2514 hic
1027 2454 1070 2514 Tr
1072 2477 1150 2534 evrr,
1170 2455 1219 2520 hic

143 2593 182 2632 20
195 2563 350 2652 Lingon,
351 2562 451 2621 Tutor
472 2563 557 2642 ripae
576 2560 675 2622 Rheni
696 2582 714 2621 e
734 2559 857 2622 Vitellio
877 2560 1067 2642 praesectus;
1090 2561 1219 2626 Sabinus

192 2691 283 2752 super
305 2670 425 2732 insitam
447 2673 610 2732 vanitatem
630 2667 724 2730 falsae
743 2667 843 2751 stirpis
850 2641 962 2750 gloria
983 2668 1218 2752 incendebatur.

265 2849 302 2900 re.
320 2844 458 2909 iactator]
475 2841 594 2895 Verbum
612 2827 664 2894 ho'c
682 2841 724 2892 vol
746 2855 808 2893 casu
826 2855 859 2892 ex
876 2841 996 2910 margine
1014 2841 1057 2898 vel
1080 2841 1114 2894 ab
1134 2843 1220 2899 inter·

126 2948 128 2952 “
194 2941 316 3007 polstore
334 2939 464 2987 insertum
482 2933 564 2985 fuisse
583 2936 715 2990 existimo,
752 2935 819 2987 Nam
839 2935 862 2986 si
880 2937 972 3006 Llpsio
985 2935 1020 2988 ed
1037 2938 1112 2991 brine
1126 2924 1217 2992 leeu'm

193 3037 299 3088 erudite
317 3031 466 3100 disputanti
485 3029 603 3082 libenter
620 3031 737 3084 concedo
757 3031 855 3083 Latine
871 3031 924 3082 dici
944 3033 1028 3097 bostis
1045 3034 1141 3104 populi
1162 3035 1218 3108 ¹¹⁰:

166 3124 167 3130 ’
191 3129 269 3180 mani
288 3128 446 3188 sesciano,
464 3117 726 3200 intermontano
747 3129 922 3198 consequitur
940 3145 989 3197 pro
1009 3147 1041 3180 ee
1062 3129 1116 3185 dict
1135 3131 1216 3183 ctiam
1267 3197 1271 3208 ,

190 3223 276 3274 hostis
303 3223 402 3292 pepuli
427 3223 543 3274 Romam
573 3222 652 3274 iacto.
697 3221 742 3272 Sic
774 3223 906 3286 Homero,
934 3223 981 3294 qui
1014 3223 1045 3274 tt.
1071 3221 1147 3294 llll,
1174 3227 1214 3292 54.

184 3317 296 3386 Ἕκτωρ
317 3314 348 3372 oc
366 3306 434 3372 Διὸς
454 3315 544 3384 εὔχετ’
563 3315 721 3388 &procerior
738 3315 804 3374 πάϊς
817 3315 892 3372 εἶναι
907 3317 1022 3386 scripsit,
1034 3318 1105 3368 idem
1117 3319 1214 3370 omisso

187 3411 385 3484 tiroslpcuere
405 3428 460 3468 non
480 3411 566 3462 licuit.
603 3412 671 3480 Quis
689 3411 762 3462 verbi
783 3428 860 3464 causa
879 3413 1016 3482 scripserit
1041 3410 1117 3462 miles
1141 3411 1214 3466 iacto
1239 3470 1240 3475 ,

142 3523 148 3552 t
188 3523 238 3578 pro
258 3509 335 3560 miles
353 3523 410 3560 esse
428 3507 471 3558 rel
493 3507 604 3559 militem
623 3523 661 3557 me
680 3523 734 3559 esse
755 3509 853 3560 locro?
879 3500 990 3560 Classici
1019 3507 1134 3560 maiores
1158 3526 1213 3564 uon

190 3602 275 3652 solum
301 3615 371 3671 pace
398 3599 525 3670 belloque,
545 3601 636 3654 claros
662 3597 708 3650 sed
732 3599 838 3650 eosdem
865 3601 960 3669 popnli
987 3602 1098 3654 Romani
1125 3604 1213 3658 hostes

189 3693 271 3744 inisse
290 3693 327 3744 ita
352 3691 534 3769 significatur,
561 3699 591 3742 ut
610 3691 742 3744 Classicus
769 3693 950 3764 emaicrilus
972 3695 1030 3748 suis
1046 3696 1198 3764 pepulio
1161 3698 1211 3746 ll·o

189 3790 261 3840 mani
280 3789 365 3840 lanatis
384 3803 464 3858 qnam
486 3787 573 3846 socius
592 3787 757 3840 ostendatur.

142 3870 147 3883 ”
257 3897 299 3933 20.
316 3883 455 3953 Lingonus
467 3879 519 3944 Illa
539 3887 566 3934 et
585 3895 624 3936 ar
644 3879 874 3944 incedatnrssttt,
894 3887 955 3952 etp
978 3887 1045 3954 πη,
1065 3884 1088 3938 l
1109 3878 1211 3934 obstri-

188 3991 250 4026 :ere
267 3973 319 4028 Ma
368 3991 369 3994 ’
1248 3969 1251 3977 ’

279 4193 289 4240 l
