2890 4728
579 501 669 564 aar.
702 497 838 569 (ιο-43,
1079 597 1082 602 ¹
1172 500 1233 569 uos

134 665 191 756 43
214 705 223 734 .·
282 674 377 742 lletro
402 682 567 764 Marsigni,
591 681 717 756 fiorini,
746 682 820 754 Osi,
851 679 927 742 Buri
949 689 1034 762 terga
1059 674 1230 742 Murcomaa

201 800 313 858 norum
342 787 588 869 Quadorumque
612 783 775 846 olendum.
829 784 857 846 E
887 784 997 866 quihus
1026 787 1171 870 Marsigni
1199 798 1231 853 et

204 895 275 955 Buri
296 911 434 955 sermone
456 893 601 976 cultuque
621 893 737 954 Suevos
758 891 914 954 reseruntr
948 893 1079 954 Gotinos
1100 895 1229 968 Gallica,

203 1003 281 1062 Osos
301 1002 475 1062 Pannonica
511 1001 615 1082 lingua
647 1001 785 1082 coarguit
806 1019 867 1060 non
898 1014 962 1061 esse
982 1001 1169 1081 Germanos,
1200 1015 1232 1068 et

149 1109 284 1191 ·5quod
315 1109 433 1170 tributa
464 1109 633 1190 patiuntur.
683 1108 813 1168 Partem
839 1106 1030 1170 tributorum
1063 1109 1231 1185 Sarmatae,
1260 1117 1263 1127 “

202 1226 324 1300 partem
346 1197 447 1294 Quadi
469 1227 504 1275 ut
522 1213 695 1296 alienigenis
715 1218 886 1298 imponunt.
929 1216 1232 1299 Gotini,‘quomagis
1315 1205 1317 1208 ⁵

202 1323 338 1402 pudeat,
360 1331 390 1380 et
411 1320 525 1382 serrum
545 1317 702 1382 effodiunt.
745 1323 921 1404 Omnesque
940 1322 971 1382 hi
1004 1323 1109 1406 populi
1137 1343 1233 1412 pauca

203 1425 429 1506 campestrium,
449 1436 589 1486 ceterum
610 1425 703 1486 saltus
723 1435 755 1488 et
776 1427 908 1488 vertices
924 1429 1072 1486 montium
1095 1426 1234 1509 [iugum.
1278 1419 1279 1422 ’

205 1538 278 1614 que]
301 1531 491 1592 insederunt.
534 1529 659 1592 Dirimit
680 1533 760 1592 enirn
779 1531 949 1613 scinditque
968 1531 1109 1594 Sueviam
1133 1534 1234 1594 conti..

156 1659 298 1700 sonuum
318 1640 467 1699 montium
487 1637 590 1720 iugum
601 1681 611 1715 ,
633 1635 712 1698 ultra
732 1637 815 1720 quod
836 1639 985 1719 plurimae
1004 1649 1106 1720 gentes
1125 1629 1231 1722 agunt.
1306 1671 1309 1676 ·

203 1746 248 1818 Ex
270 1746 381 1827 quibus
402 1744 547 1806 latissime
567 1754 650 1826 patet
671 1747 838 1828 Lygiorum
860 1767 970 1806 nomen
991 1749 1021 1806 iu
1035 1739 1134 1827 plures
1158 1749 1235 1808 eivi-

204 1861 279 1914 tates
304 1851 459 1914 diffusum.
503 1850 729 1913 valentissimas
761 1853 930 1914 nominasse
956 1852 1099 1932 sufficiet,
1129 1853 1232 1931 Arios,
1261 1883 1265 1904 r

205 1958 415 2035 llelveconus,
439 1960 603 2036 Monimos,
625 1960 760 2044 Elysios,
781 1958 1023 2022 Nalraoarvalos.
1068 1961 1235 2042 Apudllaa

203 2064 386 2128 hauarvalos
405 2067 549 2148 antiquae
571 2065 725 2149 religionis
747 2065 834 2128 lrreus
855 2066 1037 2130 ostenditur.
1079 2062 1236 2129 Praesides

160 2167 343 2235 tdsucerdos
354 2171 498 2234 muliebri
522 2183 653 2254 ornatus
675 2173 727 2234 sed
748 2171 820 2232 deos
838 2171 1087 2252 interpretatione
1099 2173 1236 2237 Romana

211 2279 362 2340 Castorem
375 2277 588 2362 Pollucemque
609 2288 792 2342 memorant·
831 2277 877 2338 Ea
898 2277 945 2337 vis
965 2277 1100 2340 numinis
1125 2299 1236 2343 nomen

213 2419 485 2434 mm·-

208 2495 371 2547 auetoritate
387 2495 521 2556 nomana,
539 2490 765 2560 expositumque,
791 2499 845 2559 qua
868 2487 972 2542 ratione
989 2480 1029 2542 ris
1057 2495 1085 2544 et
1111 2489 1238 2560 potentie¹

208 2606 301 2642 eorum
319 2577 334 2640 a
352 2589 478 2642 Romanis
505 2585 669 2639 stabiliatur.
707 2585 762 2635 lam
788 2581 863 2652 quod
889 2581 1046 2654 adiungitur
1070 2564 1120 2636 neu
1146 2586 1236 2640 minus

109 2683 112 2688 ’
178 2741 181 2748 ,
205 2683 321 2746 valent,
341 2681 423 2734 adid
443 2695 514 2730 unus
533 2677 650 2748 quisque
668 2691 702 2730 ex
718 2674 954 2763 praecedentibus¹
974 2675 1115 2748 supplebit
1143 2694 1237 2749 quan·

205 2791 289 2848 quum
309 2779 458 2837 iurantur,
478 2781 533 2844 q'uo
554 2779 705 2843 perversum
726 2769 889 2822 sententiam
906 2769 974 2822 oriri
1007 2771 1037 2822 in
1066 2779 1160 2841 aperto
1187 2779 1236 2826 est

205 2863 354 2938 Sellingius
373 2857 687 2937 (oricandensium
707 2855 801 2916 Germ.
830 2880 858 2933 p.
886 2862 1161 2934 27)'inte'rpr'etatur
1186 2873 1237 2915 nee
1263 2847 1274 2858 ²

205 2965 296 3018 minus
316 2961 409 3014 valent
426 2969 501 3026 reges
518 2957 633 3026 pecunia
653 2963 746 3010 nostra
766 2967 847 3027 quam
866 2957 1081 3020 temnuntur,
1108 2951 1163 3017 sed,
1175 2963 1251 3007 eum

207 3057 340 3110 orationis
360 3049 481 3104 membra
499 3065 567 3104 roro
587 3051 682 3104 armis
691 3053 793 3104 nostris
808 3053 940 3104 iuvantur
956 3056 1038 3120 atque
1054 3049 1164 3117 saepius
1189 3059 1238 3118 pe

119 3177 122 3184 ·
207 3149 291 3203 sunia
312 3159 409 3200 nostra
425 3145 559 3200 iuvantur
576 3145 605 3196 in
624 3141 677 3196 hoo
692 3143 753 3195 loco
771 3159 827 3196 non
845 3150 899 3195 tam
924 3141 979 3193 sibi
1004 3143 1131 3210 opposita
1154 3153 1236 3228 quapa

206 3241 284 3294 iuxta
302 3257 331 3292 se
349 3242 437 3310 posita
455 3241 531 3303 sint,
548 3237 673 3290 additum
692 3253 742 3290 nec
759 3239 848 3292 ninus
864 3236 962 3290 uatem
979 3236 1013 3290 ad
1035 3234 1147 3292 verbum
1166 3203 1236 3285 utrl-

207 3352 262 3404 que
270 3345 425 3388 commune
444 3333 597 3404 (iurantur)
621 3331 741 3400 pertinet
765 3331 847 3402 eique
878 3332 981 3400 opponi
1004 3327 1161 3382 coniunctio
1185 3337 1237 3378 nee

209 3421 428 3484 minusindicat.
463 3415 620 3480 Milrihaee
639 3421 720 3475 verba
739 3422 886 3474 inseruisse
905 3423 1013 3475 videtur
1044 3421 1093 3490 qui
1120 3419 1238 3486 ignomi-

208 3519 281 3574 niam
310 3539 325 3574 a
350 3521 461 3590 regibus
485 3520 715 3570 Marcomanorum
742 3505 954 3586 Quadorumque
976 3501 1084 3566 amoliri
1107 3505 1240 3583 concupi·
1275 3507 1280 3514 ’

209 3619 303 3668 soeret.
338 3611 394 3667 Cur
411 3613 464 3666 hoc
481 3607 695 3664 additamentum
718 3609 897 3679 sequentibus
924 3606 1032 3660 annecti
1057 3618 1126 3664 uon,
1140 3609 1242 3678 possit,

207 3705 266 3759 elus
284 3707 324 3759 rei
342 3707 412 3760 ratio
429 3710 501 3758 reete
521 3718 537 3756 a
557 3699 688 3768 Settingio
706 3701 840 3769 explicata
862 3705 915 3749 est.

255 3803 267 3840 l
293 3803 483 3899 magumque
497 3797 574 3850 tineis
592 3794 773 3847 circumdedit
792 3787 947 3846 Bellerus'f
967 3793 1068 3864 quippe
1089 3809 1125 3848 ers
1143 3795 1238 3848 sebte-

209 3879 358 3968 qrpeatibus
377 3859 536 3949 continuum
556 3889 686 3945 montium
703 3889 795 3960 iugum
819 3889 907 3957 primo
933 3885 1026 3962 iugum
1053 3890 1239 3962 imprudenter·

211 4005 225 4044 t
246 3990 364 4042 librariis
386 3990 440 4044 hue
458 3996 589 4054 mactum,
611 3983 709 4038 delude
726 3985 760 4038 ab
780 3985 979 4055 interpolatore
996 3988 1142 4056 iugumque
1175 3981 1240 4035 inde

211 4094 359 4142 correctum
378 4090 427 4142 est.

836 4145 1040 4238 '‘uo
