2886 4726
169 374 230 434 tta
545 354 836 418 HISTORIARUM

11 565 39 626 (a
51 561 80 614 c.
99 561 157 628 69.)
169 549 251 608 Tum
273 566 290 604 e
307 543 453 604 seditiosis
473 560 568 599 uuum
591 537 698 596 vinciri
718 536 822 610 iubet,
846 534 940 615 magis
962 527 1129 610 usurpandi
1146 530 1196 588 iu·

169 653 213 714 ris
233 669 324 732 quam
348 649 418 730 quia
439 647 529 704 unius
553 643 643 723 culpa
665 643 753 702 soret.
802 643 965 721 Motuaque
985 639 1090 698 Bonna
1114 655 1198 696 erer-

148 761 245 824 .citus
264 757 295 815 in
317 755 466 830 coloniam
489 752 757 834 Agrippinensem,
777 749 967 810 affluentibus
988 746 1104 808 auxiliis
1125 744 1200 806 Gal-

169 865 287 940 lorum,
309 866 361 943 qui
381 863 481 942 primo
503 881 566 920 rem
580 861 749 920 Romanam
768 859 853 918 cnixe
864 857 1034 940 juvnlrantz
1059 875 1130 914 mox
1143 875 1219 914 va.⁴

171 968 352 1032 lesceutibus
374 965 533 1027 Germanis
556 963 717 1046 pleraeque
734 963 875 1024 civitates
895 962 1058 1024 adversum
1079 983 1137 1030 nos
1154 959 1231 1022 air-¹5

173 1091 271 1140 mutae
293 1099 346 1158 spe
367 1075 513 1136 libertatis
533 1085 586 1148 et,
617 1079 642 1136 si
670 1077 819 1136 exuissent
847 1075 1032 1148 servitium,
1062 1068 1204 1150 cupidine

140 1253 151 1275 ι
175 1181 374 1265 imperitandi.
415 1181 567 1242 Gliscebat
587 1181 743 1242 iracundia
763 1181 937 1262 legionum,
970 1201 1025 1240 uec
1053 1187 1203 1238 terrorem

175 1294 265 1352 unius
288 1291 389 1352 militis
408 1289 528 1355 vincula
551 1289 732 1350 indiderant.
776 1290 859 1366 Quin
881 1289 961 1350 idem
985 1287 1036 1350 ille
1058 1287 1207 1368 arguebat

178 1400 261 1460 ultro
283 1397 495 1458 conscientiam
516 1395 617 1470 ducis,
656 1405 802 1474 tanquam
831 1397 956 1454 nuntius
978 1393 1058 1454 inter
1080 1392 1209 1452 Civilem

178 1509 381 1589 Flaccumque
400 1505 474 1567 salso
494 1503 621 1562 crimine
640 1504 724 1562 testis
759 1501 824 1562 veri
845 1504 1082 1582 opprimeretur.
1127 1501 1205 1562 Cou-
1220 1520 1257 1562 to

179 1611 296 1672 scandit
325 1607 463 1672 tribunal
484 1608 601 1668 Vocula
632 1607 711 1666 mira
735 1610 925 1684 constantia,
964 1607 1208 1688 prehensnmque

180 1717 307 1778 militem
327 1737 363 1776 ac
384 1714 601 1776 vociferantem
615 1713 685 1774 duci
705 1715 744 1773 ad
767 1713 948 1796 supplicium
960 1715 1054 1776 iussit.
1083 1715 1124 1775 Et
1138 1715 1211 1775 dum

183 1822 255 1882 mali
276 1832 406 1902 pavent,
431 1823 567 1901 optimus
589 1824 714 1902 quisque
736 1823 821 1898 iussis
842 1843 980 1902 paruere.
1031 1820 1112 1882 Exin
1136 1844 1212 1884 oon·

185 1949 272 1990 sensu
293 1928 402 1988 ducem
421 1924 570 1986 Voculam
592 1927 802 2006 poscentibus,
832 1928 962 1990 Flaccus
991 1949 1138 1990 summam
1163 1949 1212 1988 re-

145 2082 149 2091 ,
185 2057 254 2098 rum
278 2036 307 2096 ei
329 2035 479 2115 permisit.
522 2034 582 2094 Sed
605 2034 759 2096 discordes
780 2037 895 2098 animos
916 2037 1010 2096 multa
1038 2021 1281 2113 efferabantAEss

188 2145 289 2223 iuopia
311 2143 452 2222 stipendii
473 2143 700 2224 frumentique,
737 2156 768 2204 et
792 2143 883 2206 simul
905 2145 1055 2220 delectum
1081 2144 1215 2204 tributa-

188 2273 248 2336 que
269 2251 385 2312 Galliae
409 2265 614 2333 aspernantes,
635 2253 760 2314 Rhenus
784 2255 936 2336 incognita
958 2253 1001 2312 illi
1026 2253 1110 2313 caelo
1131 2254 1215 2314 sioci·

189 2370 253 2424 tare
275 2363 322 2420 vix
346 2361 472 2422 navium
493 2364 632 2440 patiens,
659 2365 719 2440 arti
746 2372 953 2435 commeatus,
987 2361 1145 2442 dispositae
1163 2338 1234 2442 per·

190 2487 310 2530 omnem
334 2466 433 2546 ripam
454 2467 617 2536 stationes,
651 2487 730 2545 quae
751 2469 920 2526 Germanos
952 2464 1033 2524 vado
1051 2475 1214 2540 arcerent,

193 2569 358 2658 eademque
379 2575 417 2634 de
438 2594 527 2636 causa
550 2577 651 2634 miuus
670 2575 793 2653 frugum
815 2583 846 2632 et
864 2571 965 2651 plures
984 2575 1036 2654 qui
1057 2594 1214 2634 consume·
1227 2579 1271 2620 ao

195 2695 274 2746 rent.
317 2681 405 2761 Apud
427 2681 581 2759 imperitos
601 2678 732 2760 prodigii
753 2677 819 2738 loco
832 2676 1036 2757 accipiebatur
1051 2681 1220 2762 ipsaeque·

164 2854 168 2876 x
195 2811 265 2854 rum
286 2789 429 2867 penurie,
450 2795 593 2864 tauquam
615 2805 670 2846 uos
688 2805 792 2844 amnes
809 2805 931 2864 quoque
945 2796 977 2847 et
988 2799 1088 2848 vetera
1101 2788 1220 2868 imperii

196 2898 384 2958 munimenta
405 2893 587 2954 desererent.
640 2892 730 2966 Quod
756 2893 787 2950 in
816 2911 891 2972 pace
920 2895 985 2956 fors
1012 2918 1065 2956 sen
1090 2908 1222 2971 natura,

194 3015 276 3064 tunc
294 3001 391 3061 fatum
413 3010 444 3060 et
465 3000 510 3060 ira
532 3000 580 3060 dei
602 2999 778 3064 vocabatur.

283 3107 428 3188 luqressis
461 3107 625 3169 Novesiurn
652 3117 733 3166 sexta
766 3106 894 3186 decuma
916 3111 995 3192 logio
1012 3113 1220 3193 coniungitur.
1234 3108 1274 3168 25

202 3219 337 3280 Additus
357 3215 491 3276 Voculae
512 3216 544 3274 in
566 3222 685 3295 partem
707 3233 846 3274 curarum
873 3217 1040 3277 Herennius
1061 3219 1166 3278 Gallus
1181 3219 1225 3279 le·
1309 3289 1312 3298 Ἰ

201 3333 312 3401 gatus3
342 3341 398 3383 uec
417 3324 483 3384 ausi
505 3323 544 3383 ad
563 3322 679 3384 hostem
699 3343 824 3404 pergere
844 3323 911 3384 loco
935 3326 985 3383 cui
1005 3321 1144 3386 Gelduba
1167 3347 1225 3384 no.

202 3447 271 3486 men
295 3439 341 3487 est
361 3440 459 3490 castra
481 3430 594 3490 fecere.
636 3429 681 3490 lbi
700 3431 841 3491 struenda
861 3430 942 3505 acic,
973 3433 1137 3492 muniendo
1157 3433 1226 3494 vel-

202 3531 353 3616 lendoque
384 3549 414 3596 et
433 3538 540 3597 ceteris
560 3535 632 3596 belli
655 3537 876 3598 meditamentis
899 3537 1025 3600 militem
1048 3541 1225 3600 firmabant.

204 3639 311 3719 thue
333 3642 442 3721 praeda
464 3643 502 3704 ad
524 3644 667 3704 virtutem
689 3643 919 3724 accenderetur,
944 3645 974 3705 in
995 3651 1145 3727 proximos
1158 3649 1278 3708 Gn.3o

204 3765 368 3829 aemorum
389 3769 487 3830 pagos,
510 3751 560 3832 qui
583 3751 754 3813 societatem
775 3750 880 3812 Civilis
901 3761 1093 3834 acceperant,
1121 3752 1230 3814 ductas

217 3883 367 3896 -ο--ο-ο--ι
379 3881 442 3892 -ιι-

279 3969 317 4017 ru,
337 3967 462 4020 dilectam
481 3972 542 4033 llll,
566 3975 611 4040 qui
632 3977 669 4020 itu
687 3972 764 4023 solat.
