<?xml version="1.0" encoding="UTF-8"?>
<!DOCTYPE html PUBLIC "-//W3C//DTD XHTML 1.0 Transitional//EN"
    "http://www.w3.org/TR/xhtml1/DTD/xhtml1-transitional.dtd">
<html xmlns="http://www.w3.org/1999/xhtml" xml:lang="en" lang="en">
 <head>
  <title>
</title>
<meta http-equiv="Content-Type" content="text/html;charset=utf-8" />
  <meta name='ocr-system' content='tesseract 3.04.00' />
  <meta name='ocr-capabilities' content='ocr_page ocr_carea ocr_par ocr_line ocrx_word'/>
</head>
<body>
  <div class='ocr_page' id='page_1' title='image "./ccorneliitaciti01rittgoog_0070.png"; bbox 0 0 2914 4724; ppageno 0'>
   <div class='ocr_carea' id='block_1_1' title="bbox 223 431 881 497">
    <p class='ocr_par' dir='ltr' id='par_1_1' title="bbox 223 431 881 497">
     <span class='ocr_line' id='line_1_1' title="bbox 223 431 881 497; baseline -0.005 0"><span class='ocrx_word' id='word_1_1' title='bbox 223 434 265 497; x_wconf 79' lang='lat'><strong>58</strong></span> <span class='ocrx_word' id='word_1_2' title='bbox 595 431 881 496; x_wconf 71' lang='lat' dir='ltr'><strong>fltstonmtnn</strong></span> 
     </span>
    </p>
   </div>
   <div class='ocr_carea' id='block_1_2' title="bbox 61 609 1441 3910">
    <p class='ocr_par' dir='ltr' id='par_1_2' title="bbox 61 609 1249 908">
     <span class='ocr_line' id='line_1_2' title="bbox 61 609 1249 696; baseline 0.01 -32"><span class='ocrx_word' id='word_1_3' title='bbox 61 623 91 684; x_wconf 79' lang='lat' dir='ltr'><strong>(a</strong></span> <span class='ocrx_word' id='word_1_4' title='bbox 106 613 135 665; x_wconf 90' lang='lat' dir='ltr'><strong>c.</strong></span> <span class='ocrx_word' id='word_1_5' title='bbox 153 614 419 688; x_wconf 71' lang='lat' dir='ltr'><strong>⁶9)mamentario</strong></span> <span class='ocrx_word' id='word_1_6' title='bbox 439 610 535 672; x_wconf 84' lang='lat' dir='ltr'><strong>iubet.</strong></span> <span class='ocrx_word' id='word_1_7' title='bbox 575 609 709 692; x_wconf 82' lang='lat' dir='ltr'><strong>Tempus</strong></span> <span class='ocrx_word' id='word_1_8' title='bbox 732 613 765 674; x_wconf 89' lang='lat' dir='ltr'><strong>in</strong></span> <span class='ocrx_word' id='word_1_9' title='bbox 783 614 1004 696; x_wconf 86' lang='lat' dir='ltr'><strong>suspicionem,</strong></span> <span class='ocrx_word' id='word_1_10' title='bbox 1024 634 1115 678; x_wconf 74' lang='lat' dir='ltr'><strong>muru</strong></span> <span class='ocrx_word' id='word_1_11' title='bbox 1136 618 1168 676; x_wconf 90' lang='lat' dir='ltr'><strong>in</strong></span> <span class='ocrx_word' id='word_1_12' title='bbox 1187 615 1249 676; x_wconf 85' lang='lat' dir='ltr'><strong>eri·</strong></span> 
     </span>
     <span class='ocr_line' id='line_1_3' title="bbox 218 717 1249 800; baseline -0.001 -21"><span class='ocrx_word' id='word_1_13' title='bbox 218 737 305 796; x_wconf 85' lang='lat' dir='ltr'><strong>men,</strong></span> <span class='ocrx_word' id='word_1_14' title='bbox 342 718 492 779; x_wconf 80' lang='lat' dir='ltr'><strong>affectatio</strong></span> <span class='ocrx_word' id='word_1_15' title='bbox 510 717 620 800; x_wconf 85' lang='lat' dir='ltr'><strong>quietis</strong></span> <span class='ocrx_word' id='word_1_16' title='bbox 637 720 670 778; x_wconf 85' lang='lat' dir='ltr'><strong>in&#39;</strong></span> <span class='ocrx_word' id='word_1_17' title='bbox 692 719 859 780; x_wconf 84' lang='lat' dir='ltr'><strong>tumultum</strong></span> <span class='ocrx_word' id='word_1_18' title='bbox 880 721 1012 799; x_wconf 78' lang='lat' dir='ltr'><strong>evaluit3</strong></span> <span class='ocrx_word' id='word_1_19' title='bbox 1037 734 1069 783; x_wconf 86' lang='lat' dir='ltr'><strong>et</strong></span> <span class='ocrx_word' id='word_1_20' title='bbox 1087 725 1151 783; x_wconf 83' lang='lat' dir='ltr'><strong>visu</strong></span> <span class='ocrx_word' id='word_1_21' title='bbox 1171 720 1249 780; x_wconf 88' lang='lat' dir='ltr'><strong>inter</strong></span> 
     </span>
     <span class='ocr_line' id='line_1_4' title="bbox 221 824 1249 908; baseline 0.001 -22"><span class='ocrx_word' id='word_1_22' title='bbox 221 824 402 886; x_wconf 84' lang='lat' dir='ltr'><strong>temulentos</strong></span> <span class='ocrx_word' id='word_1_23' title='bbox 417 845 502 886; x_wconf 83' lang='lat' dir='ltr'><strong>orma</strong></span> <span class='ocrx_word' id='word_1_24' title='bbox 519 825 695 908; x_wconf 79' lang='lat' dir='ltr'><strong>cupidinem</strong></span> <span class='ocrx_word' id='word_1_25' title='bbox 713 829 762 888; x_wconf 81' lang='lat' dir='ltr'><strong>sui</strong></span> <span class='ocrx_word' id='word_1_26' title='bbox 782 849 916 890; x_wconf 81' lang='lat' dir='ltr'><strong>movere.</strong></span> <span class='ocrx_word' id='word_1_27' title='bbox 958 829 1074 891; x_wconf 84' lang='lat' dir='ltr'><strong>Fremit</strong></span> <span class='ocrx_word' id='word_1_28' title='bbox 1099 826 1197 904; x_wconf 82' lang='lat' dir='ltr'><strong>miles,</strong></span> <span class='ocrx_word' id='word_1_29' title='bbox 1217 838 1249 888; x_wconf 88' lang='lat' dir='ltr'><strong>et</strong></span> 
     </span>
    </p>

    <p class='ocr_par' dir='ltr' id='par_1_3' title="bbox 148 933 1441 3910">
     <span class='ocr_line' id='line_1_5' title="bbox 148 933 1249 1020; baseline 0.001 -26"><span class='ocrx_word' id='word_1_30' title='bbox 148 973 153 984; x_wconf 83' lang='lat'><strong>·</strong></span> <span class='ocrx_word' id='word_1_31' title='bbox 218 933 360 994; x_wconf 81' lang='lat' dir='ltr'><strong>tribunos</strong></span> <span class='ocrx_word' id='word_1_32' title='bbox 376 935 630 1017; x_wconf 67' lang='lat' dir='ltr'><strong>centurionesque</strong></span> <span class='ocrx_word' id='word_1_33' title='bbox 650 936 836 1020; x_wconf 80' lang='lat' dir='ltr'><strong>proditionis</strong></span> <span class='ocrx_word' id='word_1_34' title='bbox 853 939 975 1018; x_wconf 78' lang='lat' dir='ltr'><strong>arguit,</strong></span> <span class='ocrx_word' id='word_1_35' title='bbox 996 947 1142 1020; x_wconf 88' lang='lat' dir='ltr'><strong>tauquam</strong></span> <span class='ocrx_word' id='word_1_36' title='bbox 1160 933 1249 996; x_wconf 78' lang='lat' dir='ltr'><strong>ismi-</strong></span> 
     </span>
     <span class='ocr_line' id='line_1_6' title="bbox 217 1041 1279 1125; baseline 0.005 -24"><span class='ocrx_word' id='word_1_37' title='bbox 217 1041 278 1102; x_wconf 87' lang='lat' dir='ltr'><strong>liae</strong></span> <span class='ocrx_word' id='word_1_38' title='bbox 302 1049 479 1102; x_wconf 84' lang='lat' dir='ltr'><strong>senatorum</strong></span> <span class='ocrx_word' id='word_1_39' title='bbox 511 1041 551 1104; x_wconf 89' lang='lat' dir='ltr'><strong>od</strong></span> <span class='ocrx_word' id='word_1_40' title='bbox 575 1044 739 1125; x_wconf 84' lang='lat' dir='ltr'><strong>perniciem</strong></span> <span class='ocrx_word' id='word_1_41' title='bbox 773 1043 908 1106; x_wconf 84' lang='lat' dir='ltr'><strong>Othonis</strong></span> <span class='ocrx_word' id='word_1_42' title='bbox 936 1055 1146 1122; x_wconf 85' lang='lat' dir='ltr'><strong>armarentur,</strong></span> <span class='ocrx_word' id='word_1_43' title='bbox 1181 1042 1279 1125; x_wconf 71' lang='lat' dir='ltr'><strong>pant</strong></span> 
     </span>
     <span class='ocr_line' id='line_1_7' title="bbox 215 1150 1251 1235; baseline 0.001 -26"><span class='ocrx_word' id='word_1_44' title='bbox 215 1150 315 1231; x_wconf 81' lang='lat' dir='ltr'><strong>ignari</strong></span> <span class='ocrx_word' id='word_1_45' title='bbox 334 1158 368 1211; x_wconf 81' lang='lat' dir='ltr'><strong>et</strong></span> <span class='ocrx_word' id='word_1_46' title='bbox 383 1151 457 1211; x_wconf 84' lang='lat' dir='ltr'><strong>vino</strong></span> <span class='ocrx_word' id='word_1_47' title='bbox 475 1169 589 1232; x_wconf 63' lang='lat' dir='ltr'><strong>paves,</strong></span> <span class='ocrx_word' id='word_1_48' title='bbox 612 1153 761 1233; x_wconf 85' lang='lat' dir='ltr'><strong>pessimus</strong></span> <span class='ocrx_word' id='word_1_49' title='bbox 773 1153 900 1235; x_wconf 80' lang='lat' dir='ltr'><strong>quisque</strong></span> <span class='ocrx_word' id='word_1_50' title='bbox 920 1153 952 1214; x_wconf 92' lang='lat' dir='ltr'><strong>iu</strong></span> <span class='ocrx_word' id='word_1_51' title='bbox 964 1154 1154 1216; x_wconf 67' lang='lat' dir='ltr'><strong>ommiunem</strong></span> <span class='ocrx_word' id='word_1_52' title='bbox 1161 1169 1251 1232; x_wconf 87' lang='lat' dir='ltr'><strong>prae·</strong></span> 
     </span>
     <span class='ocr_line' id='line_1_8' title="bbox 217 1255 1252 1343; baseline -0.002 -25"><span class='ocrx_word' id='word_1_53' title='bbox 217 1255 345 1335; x_wconf 84' lang='lat' dir='ltr'><strong>darum,</strong></span> <span class='ocrx_word' id='word_1_54' title='bbox 365 1256 493 1338; x_wconf 77' lang='lat' dir='ltr'><strong>volgus,</strong></span> <span class='ocrx_word' id='word_1_55' title='bbox 514 1267 551 1316; x_wconf 94' lang='lat' dir='ltr'><strong>nt</strong></span> <span class='ocrx_word' id='word_1_56' title='bbox 571 1277 638 1318; x_wconf 87' lang='lat' dir='ltr'><strong>mos</strong></span> <span class='ocrx_word' id='word_1_57' title='bbox 657 1267 727 1336; x_wconf 83' lang='lat' dir='ltr'><strong>est,</strong></span> <span class='ocrx_word' id='word_1_58' title='bbox 746 1261 957 1343; x_wconf 89' lang='lat' dir='ltr'><strong>cuiuscunque</strong></span> <span class='ocrx_word' id='word_1_59' title='bbox 977 1270 1079 1322; x_wconf 86' lang='lat' dir='ltr'><strong>motus</strong></span> <span class='ocrx_word' id='word_1_60' title='bbox 1099 1257 1174 1320; x_wconf 81' lang='lat' dir='ltr'><strong>novi</strong></span> <span class='ocrx_word' id='word_1_61' title='bbox 1196 1277 1252 1316; x_wconf 86' lang='lat' dir='ltr'><strong>cu·</strong></span> 
     </span>
     <span class='ocr_line' id='line_1_9' title="bbox 214 1363 1252 1448; baseline 0.003 -25"><span class='ocrx_word' id='word_1_62' title='bbox 214 1363 332 1448; x_wconf 89' lang='lat' dir='ltr'><strong>pidum.</strong></span> <span class='ocrx_word' id='word_1_63' title='bbox 373 1363 416 1426; x_wconf 85' lang='lat' dir='ltr'><strong>Et</strong></span> <span class='ocrx_word' id='word_1_64' title='bbox 435 1363 583 1446; x_wconf 82' lang='lat' dir='ltr'><strong>obsequia</strong></span> <span class='ocrx_word' id='word_1_65' title='bbox 605 1363 768 1426; x_wconf 88' lang='lat' dir='ltr'><strong>meliorum</strong></span> <span class='ocrx_word' id='word_1_66' title='bbox 798 1385 858 1426; x_wconf 86' lang='lat' dir='ltr'><strong>nox</strong></span> <span class='ocrx_word' id='word_1_67' title='bbox 879 1366 1059 1433; x_wconf 74' lang='lat' dir='ltr'><strong>abstulerat.</strong></span> <span class='ocrx_word' id='word_1_68' title='bbox 1100 1365 1252 1427; x_wconf 80' lang='lat' dir='ltr'><strong>Resisten-</strong></span> 
     </span>
     <span class='ocr_line' id='line_1_10' title="bbox 213 1469 1253 1534; baseline -0.002 0"><span class='ocrx_word' id='word_1_69' title='bbox 213 1483 278 1534; x_wconf 85' lang='lat' dir='ltr'><strong>tem</strong></span> <span class='ocrx_word' id='word_1_70' title='bbox 298 1470 443 1534; x_wconf 70' lang='lat' dir='ltr'><strong>seditioni</strong></span> <span class='ocrx_word' id='word_1_71' title='bbox 470 1469 629 1531; x_wconf 88' lang='lat' dir='ltr'><strong>tribunum</strong></span> <span class='ocrx_word' id='word_1_72' title='bbox 658 1479 692 1533; x_wconf 88' lang='lat' dir='ltr'><strong>et</strong></span> <span class='ocrx_word' id='word_1_73' title='bbox 719 1472 925 1533; x_wconf 69' lang='lat' dir='ltr'><strong>mverissimos</strong></span> <span class='ocrx_word' id='word_1_74' title='bbox 952 1472 1169 1532; x_wconf 80' lang='lat' dir='ltr'><strong>centurionum</strong></span> <span class='ocrx_word' id='word_1_75' title='bbox 1195 1471 1253 1532; x_wconf 94' lang='lat' dir='ltr'><strong>ob·</strong></span> 
     </span>
     <span class='ocr_line' id='line_1_11' title="bbox 213 1576 1301 1661; baseline 0 -21"><span class='ocrx_word' id='word_1_76' title='bbox 213 1589 372 1640; x_wconf 81' lang='lat' dir='ltr'><strong>truncant.</strong></span> <span class='ocrx_word' id='word_1_77' title='bbox 422 1579 524 1660; x_wconf 82' lang='lat' dir='ltr'><strong>Rupta</strong></span> <span class='ocrx_word' id='word_1_78' title='bbox 550 1598 654 1657; x_wconf 78' lang='lat' dir='ltr'><strong>mmo,</strong></span> <span class='ocrx_word' id='word_1_79' title='bbox 685 1578 794 1640; x_wconf 81' lang='lat' dir='ltr'><strong>nuduti</strong></span> <span class='ocrx_word' id='word_1_80' title='bbox 825 1577 927 1661; x_wconf 77' lang='lat' dir='ltr'><strong>gladii.</strong></span> <span class='ocrx_word' id='word_1_81' title='bbox 970 1577 1138 1639; x_wconf 79' lang='lat' dir='ltr'><strong>insidentes</strong></span> <span class='ocrx_word' id='word_1_82' title='bbox 1168 1576 1301 1660; x_wconf 83' lang='lat' dir='ltr'><strong>equisro</strong></span> 
     </span>
     <span class='ocr_line' id='line_1_12' title="bbox 213 1677 1310 1770; baseline -0.004 -20"><span class='ocrx_word' id='word_1_83' title='bbox 213 1687 324 1750; x_wconf 88' lang='lat' dir='ltr'><strong>urbem</strong></span> <span class='ocrx_word' id='word_1_84' title='bbox 352 1707 389 1748; x_wconf 81' lang='lat' dir='ltr'><strong>oc</strong></span> <span class='ocrx_word' id='word_1_85' title='bbox 418 1688 568 1770; x_wconf 84' lang='lat' dir='ltr'><strong>palatium</strong></span> <span class='ocrx_word' id='word_1_86' title='bbox 585 1696 708 1769; x_wconf 86' lang='lat' dir='ltr'><strong>potunt.</strong></span> <span class='ocrx_word' id='word_1_87' title='bbox 749 1687 827 1750; x_wconf 87' lang='lat' dir='ltr'><strong>Erat</strong></span> <span class='ocrx_word' id='word_1_88' title='bbox 848 1687 971 1748; x_wconf 81' lang='lat' dir='ltr'><strong>Othoni</strong></span> <span class='ocrx_word' id='word_1_89' title='bbox 1001 1685 1121 1748; x_wconf 87' lang='lat' dir='ltr'><strong>celebre</strong></span> <span class='ocrx_word' id='word_1_90' title='bbox 1148 1677 1310 1755; x_wconf 78' lang='lat' dir='ltr'><strong>couvi-81</strong></span> 
     </span>
     <span class='ocr_line' id='line_1_13' title="bbox 213 1791 1253 1882; baseline 0.001 -29"><span class='ocrx_word' id='word_1_91' title='bbox 213 1792 299 1882; x_wconf 77' lang='lat' dir='ltr'><strong>vium</strong></span> <span class='ocrx_word' id='word_1_92' title='bbox 318 1794 509 1875; x_wconf 85' lang='lat' dir='ltr'><strong>primoribus</strong></span> <span class='ocrx_word' id='word_1_93' title='bbox 524 1793 643 1858; x_wconf 81' lang='lat' dir='ltr'><strong>feminis</strong></span> <span class='ocrx_word' id='word_1_94' title='bbox 662 1797 819 1880; x_wconf 78' lang='lat' dir='ltr'><strong>virisqns3</strong></span> <span class='ocrx_word' id='word_1_95' title='bbox 841 1797 895 1878; x_wconf 88' lang='lat' dir='ltr'><strong>qui</strong></span> <span class='ocrx_word' id='word_1_96' title='bbox 917 1791 1047 1878; x_wconf 83' lang='lat' dir='ltr'><strong>trepidi,</strong></span> <span class='ocrx_word' id='word_1_97' title='bbox 1070 1792 1253 1854; x_wconf 69' lang='lat' dir='ltr'><strong>fortuitane</strong></span> 
     </span>
     <span class='ocr_line' id='line_1_14' title="bbox 211 1899 1250 1986; baseline -0.004 -24"><span class='ocrx_word' id='word_1_98' title='bbox 211 1899 344 1962; x_wconf 80' lang='lat' dir='ltr'><strong>utilitum</strong></span> <span class='ocrx_word' id='word_1_99' title='bbox 363 1900 451 1964; x_wconf 79' lang='lat' dir='ltr'><strong>furor</strong></span> <span class='ocrx_word' id='word_1_100' title='bbox 470 1921 511 1963; x_wconf 92' lang='lat' dir='ltr'><strong>an</strong></span> <span class='ocrx_word' id='word_1_101' title='bbox 526 1900 614 1966; x_wconf 85' lang='lat' dir='ltr'><strong>dolus</strong></span> <span class='ocrx_word' id='word_1_102' title='bbox 633 1901 838 1986; x_wconf 79' lang='lat' dir='ltr'><strong>imperatoris,</strong></span> <span class='ocrx_word' id='word_1_103' title='bbox 861 1921 986 1965; x_wconf 87' lang='lat' dir='ltr'><strong>mouere</strong></span> <span class='ocrx_word' id='word_1_104' title='bbox 1006 1921 1045 1962; x_wconf 86' lang='lat' dir='ltr'><strong>ao</strong></span> <span class='ocrx_word' id='word_1_105' title='bbox 1064 1899 1250 1981; x_wconf 85' lang='lat' dir='ltr'><strong>deprehendi</strong></span> 
     </span>
     <span class='ocr_line' id='line_1_15' title="bbox 211 2005 1248 2094; baseline -0.001 -27"><span class='ocrx_word' id='word_1_106' title='bbox 211 2025 253 2067; x_wconf 83' lang='lat' dir='ltr'><strong>nu</strong></span> <span class='ocrx_word' id='word_1_107' title='bbox 274 2005 380 2090; x_wconf 77' lang='lat' dir='ltr'><strong>iugera</strong></span> <span class='ocrx_word' id='word_1_108' title='bbox 399 2019 432 2070; x_wconf 89' lang='lat' dir='ltr'><strong>et</strong></span> <span class='ocrx_word' id='word_1_109' title='bbox 452 2007 584 2092; x_wconf 75' lang='lat' dir='ltr'><strong>dispergi</strong></span> <span class='ocrx_word' id='word_1_110' title='bbox 604 2009 802 2094; x_wconf 81' lang='lat' dir='ltr'><strong>periculosius</strong></span> <span class='ocrx_word' id='word_1_111' title='bbox 822 2008 919 2088; x_wconf 78' lang='lat' dir='ltr'><strong>soret,</strong></span> <span class='ocrx_word' id='word_1_112' title='bbox 941 2007 1031 2070; x_wconf 89' lang='lat' dir='ltr'><strong>modo</strong></span> <span class='ocrx_word' id='word_1_113' title='bbox 1051 2008 1248 2069; x_wconf 85' lang='lat' dir='ltr'><strong>constantiam</strong></span> 
     </span>
     <span class='ocr_line' id='line_1_16' title="bbox 211 2108 1299 2198; baseline -0.006 -22"><span class='ocrx_word' id='word_1_114' title='bbox 211 2112 376 2192; x_wconf 80' lang='lat' dir='ltr'><strong>simulare,</strong></span> <span class='ocrx_word' id='word_1_115' title='bbox 395 2114 493 2178; x_wconf 85' lang='lat' dir='ltr'><strong>modo</strong></span> <span class='ocrx_word' id='word_1_116' title='bbox 513 2115 681 2180; x_wconf 85' lang='lat' dir='ltr'><strong>lbrmidiue</strong></span> <span class='ocrx_word' id='word_1_117' title='bbox 712 2115 832 2198; x_wconf 82' lang='lat' dir='ltr'><strong>detegi,</strong></span> <span class='ocrx_word' id='word_1_118' title='bbox 861 2113 953 2177; x_wconf 75' lang='lat' dir='ltr'><strong>dmul</strong></span> <span class='ocrx_word' id='word_1_119' title='bbox 973 2112 1107 2176; x_wconf 84' lang='lat' dir='ltr'><strong>Othonis</strong></span> <span class='ocrx_word' id='word_1_120' title='bbox 1133 2111 1248 2173; x_wconf 81' lang='lat' dir='ltr'><strong>voltum</strong></span> <span class='ocrx_word' id='word_1_121' title='bbox 1263 2108 1299 2170; x_wconf 79' lang='lat'><strong>15</strong></span> 
     </span>
     <span class='ocr_line' id='line_1_17' title="bbox 210 2220 1267 2307; baseline -0.004 -23"><span class='ocrx_word' id='word_1_122' title='bbox 210 2223 338 2286; x_wconf 85' lang='lat' dir='ltr'><strong>intueri.</strong></span> <span class='ocrx_word' id='word_1_123' title='bbox 379 2224 487 2307; x_wconf 77' lang='lat' dir='ltr'><strong>thue</strong></span> <span class='ocrx_word' id='word_1_124' title='bbox 505 2227 608 2286; x_wconf 83' lang='lat' dir='ltr'><strong>evenit</strong></span> <span class='ocrx_word' id='word_1_125' title='bbox 628 2225 780 2286; x_wconf 79' lang='lat' dir='ltr'><strong>inclinetis</strong></span> <span class='ocrx_word' id='word_1_126' title='bbox 800 2223 840 2285; x_wconf 86' lang='lat' dir='ltr'><strong>ud</strong></span> <span class='ocrx_word' id='word_1_127' title='bbox 863 2223 1067 2306; x_wconf 79' lang='lat' dir='ltr'><strong>suspicionem</strong></span> <span class='ocrx_word' id='word_1_128' title='bbox 1086 2220 1267 2294; x_wconf 13' lang='lat' dir='ltr'><strong>mentibus,</strong></span> 
     </span>
     <span class='ocr_line' id='line_1_18' title="bbox 212 2327 1251 2411; baseline -0.006 -17"><span class='ocrx_word' id='word_1_129' title='bbox 212 2351 284 2394; x_wconf 86' lang='lat' dir='ltr'><strong>oum</strong></span> <span class='ocrx_word' id='word_1_130' title='bbox 302 2331 425 2394; x_wconf 87' lang='lat' dir='ltr'><strong>timeret</strong></span> <span class='ocrx_word' id='word_1_131' title='bbox 445 2331 541 2411; x_wconf 81' lang='lat' dir='ltr'><strong>otho,</strong></span> <span class='ocrx_word' id='word_1_132' title='bbox 565 2332 739 2400; x_wconf 76' lang='lat' dir='ltr'><strong>timebatur.</strong></span> <span class='ocrx_word' id='word_1_133' title='bbox 780 2331 842 2393; x_wconf 90' lang='lat' dir='ltr'><strong>Sed</strong></span> <span class='ocrx_word' id='word_1_134' title='bbox 861 2330 946 2393; x_wconf 87' lang='lat' dir='ltr'><strong>houd</strong></span> <span class='ocrx_word' id='word_1_135' title='bbox 967 2351 1053 2392; x_wconf 86' lang='lat' dir='ltr'><strong>secus</strong></span> <span class='ocrx_word' id='word_1_136' title='bbox 1072 2327 1251 2390; x_wconf 83' lang='lat' dir='ltr'><strong>discrimine</strong></span> 
     </span>
     <span class='ocr_line' id='line_1_19' title="bbox 212 2433 1249 2520; baseline -0.007 -22"><span class='ocrx_word' id='word_1_137' title='bbox 212 2447 334 2498; x_wconf 83' lang='lat' dir='ltr'><strong>seuotus</strong></span> <span class='ocrx_word' id='word_1_138' title='bbox 355 2455 448 2520; x_wconf 78' lang='lat' dir='ltr'><strong>quum</strong></span> <span class='ocrx_word' id='word_1_139' title='bbox 469 2455 525 2499; x_wconf 84' lang='lat' dir='ltr'><strong>suu</strong></span> <span class='ocrx_word' id='word_1_140' title='bbox 548 2442 693 2519; x_wconf 84' lang='lat' dir='ltr'><strong>territus,</strong></span> <span class='ocrx_word' id='word_1_141' title='bbox 721 2448 754 2500; x_wconf 87' lang='lat' dir='ltr'><strong>et</strong></span> <span class='ocrx_word' id='word_1_142' title='bbox 774 2439 943 2520; x_wconf 83' lang='lat' dir='ltr'><strong>praefectos</strong></span> <span class='ocrx_word' id='word_1_143' title='bbox 960 2433 1111 2518; x_wconf 84' lang='lat' dir='ltr'><strong>praetorii</strong></span> <span class='ocrx_word' id='word_1_144' title='bbox 1130 2433 1170 2496; x_wconf 82' lang='lat' dir='ltr'><strong>od</strong></span> <span class='ocrx_word' id='word_1_145' title='bbox 1189 2435 1249 2494; x_wconf 88' lang='lat' dir='ltr'><strong>mi.</strong></span> 
     </span>
     <span class='ocr_line' id='line_1_20' title="bbox 212 2541 1248 2628; baseline -0.006 -22"><span class='ocrx_word' id='word_1_146' title='bbox 212 2543 352 2628; x_wconf 80' lang='lat' dir='ltr'><strong>tigandos</strong></span> <span class='ocrx_word' id='word_1_147' title='bbox 359 2543 490 2604; x_wconf 88' lang='lat' dir='ltr'><strong>militum</strong></span> <span class='ocrx_word' id='word_1_148' title='bbox 509 2545 571 2604; x_wconf 86' lang='lat' dir='ltr'><strong>iras</strong></span> <span class='ocrx_word' id='word_1_149' title='bbox 594 2545 697 2604; x_wconf 82' lang='lat' dir='ltr'><strong>statiua</strong></span> <span class='ocrx_word' id='word_1_150' title='bbox 710 2545 842 2621; x_wconf 83' lang='lat' dir='ltr'><strong>miserat,</strong></span> <span class='ocrx_word' id='word_1_151' title='bbox 863 2553 894 2604; x_wconf 89' lang='lat' dir='ltr'><strong>et</strong></span> <span class='ocrx_word' id='word_1_152' title='bbox 905 2541 991 2602; x_wconf 87' lang='lat' dir='ltr'><strong>ubire</strong></span> <span class='ocrx_word' id='word_1_153' title='bbox 1001 2563 1132 2624; x_wconf 88' lang='lat' dir='ltr'><strong>propere</strong></span> <span class='ocrx_word' id='word_1_154' title='bbox 1142 2559 1248 2602; x_wconf 83' lang='lat' dir='ltr'><strong>ornnes</strong></span> 
     </span>
     <span class='ocr_line' id='line_1_21' title="bbox 214 2649 1299 2731; baseline -0.002 -21"><span class='ocrx_word' id='word_1_155' title='bbox 214 2671 232 2710; x_wconf 89' lang='lat' dir='ltr'><strong>c</strong></span> <span class='ocrx_word' id='word_1_156' title='bbox 268 2650 409 2711; x_wconf 80' lang='lat' dir='ltr'><strong>convivio</strong></span> <span class='ocrx_word' id='word_1_157' title='bbox 438 2651 533 2710; x_wconf 82' lang='lat' dir='ltr'><strong>iussit.</strong></span> <span class='ocrx_word' id='word_1_158' title='bbox 573 2649 654 2709; x_wconf 87' lang='lat' dir='ltr'><strong>Turn</strong></span> <span class='ocrx_word' id='word_1_159' title='bbox 682 2669 760 2709; x_wconf 90' lang='lat' dir='ltr'><strong>vero</strong></span> <span class='ocrx_word' id='word_1_160' title='bbox 789 2649 900 2730; x_wconf 85' lang='lat' dir='ltr'><strong>passim</strong></span> <span class='ocrx_word' id='word_1_161' title='bbox 928 2650 1139 2730; x_wconf 80' lang='lat' dir='ltr'><strong>magistratus,</strong></span> <span class='ocrx_word' id='word_1_162' title='bbox 1174 2663 1299 2731; x_wconf 76' lang='lat' dir='ltr'><strong>pro-2⁰</strong></span> 
     </span>
     <span class='ocr_line' id='line_1_22' title="bbox 214 2753 1246 2839; baseline -0.002 -22"><span class='ocrx_word' id='word_1_163' title='bbox 214 2755 299 2818; x_wconf 83' lang='lat' dir='ltr'><strong>iactis</strong></span> <span class='ocrx_word' id='word_1_164' title='bbox 319 2756 509 2839; x_wconf 82' lang='lat' dir='ltr'><strong>insignibus,</strong></span> <span class='ocrx_word' id='word_1_165' title='bbox 531 2756 625 2816; x_wconf 85' lang='lat' dir='ltr'><strong>vitato</strong></span> <span class='ocrx_word' id='word_1_166' title='bbox 645 2753 792 2815; x_wconf 87' lang='lat' dir='ltr'><strong>comitum</strong></span> <span class='ocrx_word' id='word_1_167' title='bbox 812 2763 844 2815; x_wconf 88' lang='lat' dir='ltr'><strong>et</strong></span> <span class='ocrx_word' id='word_1_168' title='bbox 868 2775 1029 2817; x_wconf 86' lang='lat' dir='ltr'><strong>servorum</strong></span> <span class='ocrx_word' id='word_1_169' title='bbox 1062 2755 1246 2838; x_wconf 84' lang='lat' dir='ltr'><strong>frequentin,</strong></span> 
     </span>
     <span class='ocr_line' id='line_1_23' title="bbox 214 2859 1247 2943; baseline -0.004 -17"><span class='ocrx_word' id='word_1_170' title='bbox 214 2883 302 2926; x_wconf 88' lang='lat' dir='ltr'><strong>senes</strong></span> <span class='ocrx_word' id='word_1_171' title='bbox 324 2863 514 2942; x_wconf 84' lang='lat' dir='ltr'><strong>feminaeque</strong></span> <span class='ocrx_word' id='word_1_172' title='bbox 534 2881 590 2943; x_wconf 90' lang='lat' dir='ltr'><strong>per</strong></span> <span class='ocrx_word' id='word_1_173' title='bbox 612 2861 753 2923; x_wconf 64' lang='lat' dir='ltr'><strong>tenemus</strong></span> <span class='ocrx_word' id='word_1_174' title='bbox 773 2859 893 2923; x_wconf 82' lang='lat' dir='ltr'><strong>diversa</strong></span> <span class='ocrx_word' id='word_1_175' title='bbox 912 2861 997 2925; x_wconf 87' lang='lat' dir='ltr'><strong>urbis</strong></span> <span class='ocrx_word' id='word_1_176' title='bbox 1018 2863 1146 2940; x_wconf 83' lang='lat' dir='ltr'><strong>itinero,</strong></span> <span class='ocrx_word' id='word_1_177' title='bbox 1183 2862 1247 2924; x_wconf 80' lang='lat' dir='ltr'><strong>ruri</strong></span> 
     </span>
     <span class='ocr_line' id='line_1_24' title="bbox 215 2947 1441 3052; baseline 0.001 -23"><span class='ocrx_word' id='word_1_178' title='bbox 215 2965 339 3045; x_wconf 84' lang='lat' dir='ltr'><strong>domos,</strong></span> <span class='ocrx_word' id='word_1_179' title='bbox 361 2965 486 3049; x_wconf 87' lang='lat' dir='ltr'><strong>plurimi</strong></span> <span class='ocrx_word' id='word_1_180' title='bbox 509 2965 675 3026; x_wconf 81' lang='lat' dir='ltr'><strong>amicorum</strong></span> <span class='ocrx_word' id='word_1_181' title='bbox 696 2975 796 3041; x_wconf 83' lang='lat' dir='ltr'><strong>tecta,</strong></span> <span class='ocrx_word' id='word_1_182' title='bbox 817 2977 847 3028; x_wconf 92' lang='lat' dir='ltr'><strong>et</strong></span> <span class='ocrx_word' id='word_1_183' title='bbox 866 2978 901 3028; x_wconf 84' lang='lat' dir='ltr'><strong>ut</strong></span> <span class='ocrx_word' id='word_1_184' title='bbox 919 2969 1029 3052; x_wconf 88' lang='lat' dir='ltr'><strong>cuique</strong></span> <span class='ocrx_word' id='word_1_185' title='bbox 1057 2969 1245 3032; x_wconf 87' lang='lat' dir='ltr'><strong>humillimus</strong></span> <span class='ocrx_word' id='word_1_186' title='bbox 1435 2947 1441 3008; x_wconf 62' lang='lat' dir='ltr'><strong>i</strong></span> 
     </span>
     <span class='ocr_line' id='line_1_25' title="bbox 215 3067 1315 3159; baseline 0.002 -22"><span class='ocrx_word' id='word_1_187' title='bbox 215 3074 330 3155; x_wconf 82' lang='lat' dir='ltr'><strong>cliens,</strong></span> <span class='ocrx_word' id='word_1_188' title='bbox 349 3075 481 3137; x_wconf 72' lang='lat' dir='ltr'><strong>incertas</strong></span> <span class='ocrx_word' id='word_1_189' title='bbox 501 3073 634 3136; x_wconf 81' lang='lat' dir='ltr'><strong>latebras</strong></span> <span class='ocrx_word' id='word_1_190' title='bbox 656 3076 801 3157; x_wconf 82' lang='lat' dir='ltr'><strong>petivere·</strong></span> <span class='ocrx_word' id='word_1_191' title='bbox 846 3075 978 3138; x_wconf 84' lang='lat' dir='ltr'><strong>Militum</strong></span> <span class='ocrx_word' id='word_1_192' title='bbox 999 3079 1127 3159; x_wconf 88' lang='lat' dir='ltr'><strong>impetus</strong></span> <span class='ocrx_word' id='word_1_193' title='bbox 1146 3099 1185 3139; x_wconf 90' lang='lat' dir='ltr'><strong>ne</strong></span> <span class='ocrx_word' id='word_1_194' title='bbox 1200 3079 1242 3138; x_wconf 83' lang='lat' dir='ltr'><strong>fo·</strong></span> <span class='ocrx_word' id='word_1_195' title='bbox 1257 3067 1315 3146; x_wconf 59' lang='grc'><strong>89</strong></span> 
     </span>
     <span class='ocr_line' id='line_1_26' title="bbox 216 3179 1300 3264; baseline 0.002 -20"><span class='ocrx_word' id='word_1_196' title='bbox 216 3183 303 3244; x_wconf 82' lang='lat' dir='ltr'><strong>ribus</strong></span> <span class='ocrx_word' id='word_1_197' title='bbox 323 3181 446 3264; x_wconf 90' lang='lat' dir='ltr'><strong>quidem</strong></span> <span class='ocrx_word' id='word_1_198' title='bbox 456 3179 562 3261; x_wconf 86' lang='lat' dir='ltr'><strong>palatii</strong></span> <span class='ocrx_word' id='word_1_199' title='bbox 571 3182 729 3258; x_wconf 89' lang='lat' dir='ltr'><strong>coercitus,</strong></span> <span class='ocrx_word' id='word_1_200' title='bbox 751 3183 922 3262; x_wconf 86' lang='lat' dir='ltr'><strong>quominus</strong></span> <span class='ocrx_word' id='word_1_201' title='bbox 936 3183 1111 3244; x_wconf 85' lang='lat' dir='ltr'><strong>convivium</strong></span> <span class='ocrx_word' id='word_1_202' title='bbox 1130 3184 1300 3247; x_wconf 76' lang='lat' dir='ltr'><strong>imum-nb</strong></span> 
     </span>
     <span class='ocr_line' id='line_1_27' title="bbox 215 3288 1247 3374; baseline -0.004 -22"><span class='ocrx_word' id='word_1_203' title='bbox 215 3301 338 3374; x_wconf 82' lang='lat' dir='ltr'><strong>parent,</strong></span> <span class='ocrx_word' id='word_1_204' title='bbox 361 3289 478 3350; x_wconf 86' lang='lat' dir='ltr'><strong>ostendi</strong></span> <span class='ocrx_word' id='word_1_205' title='bbox 497 3289 555 3351; x_wconf 84' lang='lat' dir='ltr'><strong>sibi</strong></span> <span class='ocrx_word' id='word_1_206' title='bbox 569 3288 975 3372; x_wconf 24' lang='lat' dir='ltr'><strong>Othonemlexpostulanten</strong></span> <span class='ocrx_word' id='word_1_207' title='bbox 1000 3290 1157 3352; x_wconf 80' lang='lat' dir='ltr'><strong>vulnerato</strong></span> <span class='ocrx_word' id='word_1_208' title='bbox 1169 3289 1247 3351; x_wconf 86' lang='lat' dir='ltr'><strong>lulio</strong></span> 
     </span>
     <span class='ocr_line' id='line_1_28' title="bbox 215 3395 1245 3480; baseline -0.005 -22"><span class='ocrx_word' id='word_1_209' title='bbox 215 3398 354 3459; x_wconf 78' lang='lat' dir='ltr'><strong>Martiale</strong></span> <span class='ocrx_word' id='word_1_210' title='bbox 373 3398 499 3458; x_wconf 85' lang='lat' dir='ltr'><strong>tribuno</strong></span> <span class='ocrx_word' id='word_1_211' title='bbox 527 3409 559 3458; x_wconf 87' lang='lat' dir='ltr'><strong>et</strong></span> <span class='ocrx_word' id='word_1_212' title='bbox 578 3395 704 3458; x_wconf 89' lang='lat' dir='ltr'><strong>Vitellio</strong></span> <span class='ocrx_word' id='word_1_213' title='bbox 734 3397 899 3459; x_wconf 86' lang='lat' dir='ltr'><strong>Saturnino</strong></span> <span class='ocrx_word' id='word_1_214' title='bbox 924 3397 1081 3480; x_wconf 80' lang='lat' dir='ltr'><strong>praesecto</strong></span> <span class='ocrx_word' id='word_1_215' title='bbox 1108 3397 1245 3480; x_wconf 81' lang='lat' dir='ltr'><strong>legionis,</strong></span> 
     </span>
     <span class='ocr_line' id='line_1_29' title="bbox 215 3501 1246 3586; baseline -0.004 -23"><span class='ocrx_word' id='word_1_216' title='bbox 215 3503 289 3564; x_wconf 90' lang='lat' dir='ltr'><strong>dum</strong></span> <span class='ocrx_word' id='word_1_217' title='bbox 309 3506 466 3567; x_wconf 85' lang='lat' dir='ltr'><strong>ruentibus</strong></span> <span class='ocrx_word' id='word_1_218' title='bbox 485 3504 648 3566; x_wconf 85' lang='lat' dir='ltr'><strong>obsistunt.</strong></span> <span class='ocrx_word' id='word_1_219' title='bbox 689 3504 834 3586; x_wconf 84' lang='lat' dir='ltr'><strong>Undique</strong></span> <span class='ocrx_word' id='word_1_220' title='bbox 854 3525 937 3564; x_wconf 84' lang='lat' dir='ltr'><strong>arma</strong></span> <span class='ocrx_word' id='word_1_221' title='bbox 960 3515 991 3566; x_wconf 91' lang='lat' dir='ltr'><strong>et</strong></span> <span class='ocrx_word' id='word_1_222' title='bbox 1009 3505 1124 3582; x_wconf 79' lang='lat' dir='ltr'><strong>minae,</strong></span> <span class='ocrx_word' id='word_1_223' title='bbox 1155 3501 1246 3562; x_wconf 91' lang='lat' dir='ltr'><strong>modo</strong></span> 
     </span>
     <span class='ocr_line' id='line_1_30' title="bbox 214 3613 1241 3698; baseline -0.003 -26"><span class='ocrx_word' id='word_1_224' title='bbox 214 3613 248 3672; x_wconf 89' lang='lat' dir='ltr'><strong>in</strong></span> <span class='ocrx_word' id='word_1_225' title='bbox 268 3616 458 3677; x_wconf 87' lang='lat' dir='ltr'><strong>centuriones</strong></span> <span class='ocrx_word' id='word_1_226' title='bbox 476 3613 700 3698; x_wconf 86' lang='lat' dir='ltr'><strong>tribunosque,</strong></span> <span class='ocrx_word' id='word_1_227' title='bbox 732 3613 824 3675; x_wconf 93' lang='lat' dir='ltr'><strong>modo</strong></span> <span class='ocrx_word' id='word_1_228' title='bbox 841 3616 873 3674; x_wconf 94' lang='lat' dir='ltr'><strong>iu</strong></span> <span class='ocrx_word' id='word_1_229' title='bbox 896 3623 1032 3674; x_wconf 87' lang='lat' dir='ltr'><strong>senatum</strong></span> <span class='ocrx_word' id='word_1_230' title='bbox 1054 3614 1241 3685; x_wconf 82' lang='lat' dir='ltr'><strong>universnm,</strong></span> 
     </span>
     <span class='ocr_line' id='line_1_31' title="bbox 214 3715 1294 3806; baseline 0.006 -30"><span class='ocrx_word' id='word_1_231' title='bbox 214 3715 379 3800; x_wconf 76' lang='lat' dir='ltr'><strong>lymphatis</strong></span> <span class='ocrx_word' id='word_1_232' title='bbox 398 3741 486 3784; x_wconf 74' lang='lat' dir='ltr'><strong>coeco</strong></span> <span class='ocrx_word' id='word_1_233' title='bbox 503 3741 621 3806; x_wconf 80' lang='lat' dir='ltr'><strong>pavore</strong></span> <span class='ocrx_word' id='word_1_234' title='bbox 642 3722 769 3800; x_wconf 83' lang='lat' dir='ltr'><strong>animis,</strong></span> <span class='ocrx_word' id='word_1_235' title='bbox 799 3730 830 3781; x_wconf 89' lang='lat' dir='ltr'><strong>et</strong></span> <span class='ocrx_word' id='word_1_236' title='bbox 866 3721 938 3802; x_wconf 84' lang='lat' dir='ltr'><strong>quia</strong></span> <span class='ocrx_word' id='word_1_237' title='bbox 966 3718 1118 3780; x_wconf 90' lang='lat' dir='ltr'><strong>neminem</strong></span> <span class='ocrx_word' id='word_1_238' title='bbox 1147 3739 1242 3778; x_wconf 89' lang='lat' dir='ltr'><strong>unum</strong></span> <span class='ocrx_word' id='word_1_239' title='bbox 1253 3722 1294 3782; x_wconf 83' lang='lat'><strong>30</strong></span> 
     </span>
     <span class='ocr_line' id='line_1_32' title="bbox 215 3823 1242 3910; baseline 0.002 -26"><span class='ocrx_word' id='word_1_240' title='bbox 215 3823 368 3886; x_wconf 83' lang='lat' dir='ltr'><strong>destinare</strong></span> <span class='ocrx_word' id='word_1_241' title='bbox 389 3823 453 3888; x_wconf 86' lang='lat' dir='ltr'><strong>irae</strong></span> <span class='ocrx_word' id='word_1_242' title='bbox 473 3837 636 3910; x_wconf 84' lang='lat' dir='ltr'><strong>poterunt,</strong></span> <span class='ocrx_word' id='word_1_243' title='bbox 667 3825 821 3892; x_wconf 86' lang='lat' dir='ltr'><strong>licentiam</strong></span> <span class='ocrx_word' id='word_1_244' title='bbox 842 3827 874 3888; x_wconf 93' lang='lat' dir='ltr'><strong>in</strong></span> <span class='ocrx_word' id='word_1_245' title='bbox 905 3847 1008 3888; x_wconf 85' lang='lat' dir='ltr'><strong>omnes</strong></span> <span class='ocrx_word' id='word_1_246' title='bbox 1036 3827 1242 3910; x_wconf 84' lang='lat' dir='ltr'><strong>poscentibus,</strong></span> 
     </span>
    </p>
   </div>
   <div class='ocr_carea' id='block_1_3' title="bbox 217 3977 493 3998">
    <p class='ocr_par' dir='ltr' id='par_1_4' title="bbox 217 3977 493 3998">
     <span class='ocr_line' id='line_1_33' title="bbox 217 3977 493 3998; baseline 0 -6"><span class='ocrx_word' id='word_1_247' title='bbox 217 3977 493 3998; x_wconf 59' lang='lat' dir='ltr'><em>W</em></span> 
     </span>
    </p>
   </div>
   <div class='ocr_carea' id='block_1_4' title="bbox 251 4067 578 4138">
    <p class='ocr_par' dir='ltr' id='par_1_5' title="bbox 251 4067 578 4138">
     <span class='ocr_line' id='line_1_34' title="bbox 251 4067 578 4138; baseline -0.006 -15"><span class='ocrx_word' id='word_1_248' title='bbox 251 4131 255 4138; x_wconf 76' lang='lat'><em>,</em></span> <span class='ocrx_word' id='word_1_249' title='bbox 304 4087 331 4138; x_wconf 77' lang='lat' dir='ltr'><strong>q.</strong></span> <span class='ocrx_word' id='word_1_250' title='bbox 349 4067 508 4124; x_wconf 77' lang='lat' dir='ltr'><strong>seditionem</strong></span> <span class='ocrx_word' id='word_1_251' title='bbox 526 4067 578 4121; x_wconf 59' lang='grc' dir='ltr'><strong>Μ’.</strong></span> 
     </span>
    </p>
   </div>
   <div class='ocr_carea' id='block_1_5' title="bbox 0 0 1462 4724">
    <p class='ocr_par' dir='ltr' id='par_1_6' title="bbox 0 0 1462 4724">
     <span class='ocr_line' id='line_1_35' title="bbox 0 0 1462 4724; baseline 0 0"><span class='ocrx_word' id='word_1_252' title='bbox 0 0 1462 4724; x_wconf 95' lang='lat' dir='ltr'><strong> </strong></span> 
     </span>
    </p>
   </div>
  </div>
 </body>
</html>
