2890 4728
219 409 281 472 ιω
545 377 882 466 nnons'roniens

222 593 253 642 et
272 583 305 642 in
324 579 401 642 urbe
414 601 475 642 non
493 580 589 642 solnm
602 578 680 660 apud
694 579 908 662 negotiososet
925 575 1018 638 rdine
1037 575 1179 645 intentos,
1194 575 1260 635 sed·

218 688 311 748 etiarn
332 688 415 770 apud
443 690 569 751 invenes
596 699 627 750 et
648 687 866 758 adolescentes,
898 683 1010 770 quibus
1040 681 1132 742 modo
1162 692 1246 743 recta

218 803 249 852 et
268 792 387 854 indoles
406 802 453 854 est
471 803 502 870 et
519 793 600 854 bone
618 813 685 875 spes
705 791 774 852 sui?
794 810 924 874 quornm
941 787 1067 850 nomine
1089 790 1199 870 prlbs
1189 811 1246 860 pe.
1280 777 1287 789 Χ

217 908 319 960 rentes
339 899 445 960 liberis
462 899 525 960 snis
550 901 715 980 ingerunt?
736 918 812 980 quos
839 897 960 988 saepius
989 896 1096 977 volgus
1123 917 1282 978 qnoque

219 1008 397 1088 imperitum
425 1017 456 1066 et
485 1007 639 1067 tunicatus
670 1005 722 1065 hic
748 1003 880 1086 populns
906 1012 1095 1064 transeuntes
1125 997 1277 1062 nomioeb

216 1120 312 1172 vocet
334 1120 364 1170 et
383 1109 479 1191 digito
503 1111 709 1172 demonstret?
742 1109 877 1170 advenae
897 1127 1020 1190 quoque
1040 1117 1070 1168 et
1092 1111 1245 1190 peregrini

219 1219 281 1278 ism
301 1221 334 1278 in
352 1217 524 1299 municipiis
540 1229 571 1279 et
596 1217 722 1278 coloniis
748 1218 810 1278 suis
842 1215 984 1287 auditos,
1017 1233 1086 1273 cum
1111 1215 1245 1295 primuni

217 1322 327 1382 urbem
349 1324 531 1404 attigerunt,
562 1324 722 1404 requirunt
745 1342 781 1381 sc
804 1319 891 1382 velut
918 1341 1081 1404 agnoscere
1105 1322 1245 1403 consopi-
1290 1376 1317 1403 u,

110 1439 113 1446 ’
219 1436 318 1490 scunt.
359 1433 462 1490 Ausim
483 1431 668 1492 contendere
680 1427 859 1490 Marcellum
874 1429 955 1490 bunc
971 1429 1113 1510 Eprium,
1134 1431 1173 1490 de
1182 1418 1285 1514 qu08

168 1605 170 1610 ,
220 1536 315 1598 modo
336 1537 456 1598 locutus
484 1557 572 1615 sum,
604 1547 636 1598 et
659 1537 803 1618 Crispum
830 1537 956 1598 Vibium
987 1536 1138 1614 (libentius
1164 1540 1243 1598 enim
1257 1560 1298 1600 so

222 1644 311 1704 novis
330 1654 361 1704 et
381 1643 557 1704 recentibus
577 1664 669 1724 quesn
690 1645 813 1704 remotis
833 1652 867 1703 et
897 1642 1077 1704 oblitteratis
1105 1645 1243 1724 exemplis

188 1819 191 1832 .
220 1754 308 1826 ntor)
328 1771 388 1810 non
409 1753 510 1812 minus
528 1771 591 1812 esee
612 1753 644 1810 in
665 1751 805 1812 extremis
820 1750 958 1834 pertibus
980 1761 1135 1812 terrerum
1155 1772 1244 1834 quem

165 1883 172 1898 ·
220 1851 345 1936 Capuae
368 1865 421 1916 eut
439 1855 604 1934 Vercellis,
636 1856 690 1916 ubi
719 1858 789 1918 neti
811 1856 967 1918 dicuntur.
999 1858 1070 1922 ‚Nec
1096 1855 1154 1916 boc
1187 1854 1246 1936 illis

223 1960 350 2022 ulterius
367 1973 414 2022 ter
433 1963 529 2024 milies
547 1963 720 2024 sestertium
739 1973 895 2044 praestet,
923 1977 1096 2046 quanquam
1120 1962 1160 2022 ed
1189 1961 1245 2022 lies

222 2069 301 2147 ipsas
321 2087 391 2148 opes
410 2079 537 2150 possunt
557 2069 655 2130 videri
675 2068 865 2150 eloquentiae
884 2067 1027 2130 beneficio
1048 2071 1172 2147 venisse,
1192 2068 1299 2144 sed15

222 2175 288 2256 ipsa
309 2177 499 2258 eloquentis3
521 2177 608 2238 cuius
629 2197 741 2236 numen
752 2188 782 2236 et
801 2175 935 2236 caelestis
952 2177 998 2236 vis
1009 2175 1104 2236 inulta
1123 2175 1261 2258 quidem.

223 2282 363 2344 omnibus
384 2284 508 2346 saeculis
527 2283 661 2365 exempla
683 2282 788 2358 edidit,
810 2282 960 2365 adquam
979 2303 1074 2364 usque
1095 2282 1247 2342 fortunam

222 2386 359 2450 homines
380 2390 492 2475 ingenii
513 2392 628 2454 viribus
648 2390 861 2484 pervenerint3
880 2388 933 2452 sed
956 2387 1052 2467 baec,
1085 2400 1119 2452 ut
1153 2409 1247 2472 supra

219 2580 490 2605 m

222 2665 279 2718 sius
296 2661 394 2737 vidit),
411 2669 437 2720 V
457 2669 522 2721 1862
544 2677 572 2722 et
589 2669 613 2721 V
630 2667 699 2740 ll9⁸
718 2672 769 2744 qui
789 2689 845 2723 non
864 2672 986 2724 illustres
1012 2684 1039 2726 es
1057 2689 1114 2724 iren
1132 2671 1163 2723 in
1177 2669 1244 2725 urle

221 2761 324 2824 solum,
340 2761 420 2826 vulgo
441 2769 550 2814 suetose
567 2764 714 2817 Puteolano
733 2767 782 2838 qui
799 2785 857 2818 sion
873 2767 993 2820 illustres
1011 2769 1042 2819 iss
1057 2766 1123 2819 uide
1147 2767 1245 2825 solu.

222 2853 303 2906 -In
323 2855 430 2922 vulgate
445 2856 527 2910 verbs
548 2859 580 2910 in
595 2848 661 2914 urle
678 2877 733 2929 uon
750 2861 852 2912 hebent
868 2879 924 2932 quo
942 2864 1100 2924 referentur,
1118 2869 1174 2912 tum
1188 2879 1243 2914 cen

221 2945 327 3017 liquet,
347 2966 402 3016 quo
419 2953 479 3004 iure
498 2953 587 3007 delete
605 2955 642 3007 sit
659 2957 791 3026 particula
808 2971 851 3020 et,
872 2959 973 3012 deinde
992 2959 1136 3012 verborum
1155 2959 1242 3010 eollo-

165 3035 169 3044 ’
222 3044 292 3094 estio
310 3063 367 3098 nen
385 3048 506 3102 illustres
523 3051 554 3102 irs
572 3051 638 3106 urbe
657 3053 743 3105 solem
767 3054 806 3103 its
822 3054 949 3115 offendit,
980 3061 1011 3105 ut
1037 3056 1118 3106 mirer
1139 3045 1243 3106 belile-

219 3153 280 3189 rum
306 3147 334 3190 et
357 3139 526 3194 Waltberum
552 3143 582 3196 in
609 3159 641 3194 es
663 3141 840 3216 acquiescere
857 3148 987 3214 potuisse.
1023 3145 1156 3214 Equidem
1185 3165 1243 3200 nors

220 3227 295 3297 quod
309 3231 414 3288 codices
430 3242 492 3303 post
509 3237 557 3310 qui
575 3235 706 3290 exhibent
724 3253 758 3289 ex
775 3236 959 3310 subsequente
977 3248 1065 3290 ortum
1090 3257 1148 3294 esse
1166 3249 1241 3311 puto.

218 3321 250 3373 Id
267 3325 350 3390 igilur·
367 3328 456 3379 delevi
475 3335 503 3379 et
519 3329 630 3381 minoris
648 3327 739 3380 hiatus
757 3333 832 3398 signe
850 3333 944 3400 posui:
964 3348 1025 3384 nsm
1045 3332 1137 3384 deesse
1156 3350 1241 3404 quae-

218 3415 278 3468 dem
297 3435 329 3470 ex
345 3421 434 3472 verbis
454 3434 480 3474 et
498 3423 529 3477 in
548 3424 613 3476 urle
632 3425 812 3476 manifestum.
847 3427 942 3479 Fuisse
963 3428 1079 3479 coniicio
1098 3429 1147 3498 qui
1174 3427 1241 3476 illu·

217 3520 287 3560 stres
306 3516 389 3566 etin'
414 3518 540 3570 ultimo
567 3521 851 3575 terrorumorbe
876 3523 951 3576 etin
976 3523 1042 3576 erle
1068 3540 1124 3574 nen
1152 3521 1239 3573 solum

217 3607 286 3657 cols
304 3603 453 3662 Membrum
472 3612 600 3664 orationis
621 3613 695 3682 quod
713 3615 833 3682 elapsum
855 3633 912 3667 esse
930 3623 1018 3670 statuo
1039 3607 1188 3684 incipiebat
1200 3614 1236 3664 ub

215 3705 257 3759 et,
276 3693 417 3752 desinebat
437 3705 465 3754 in
482 3705 565 3768 orde,
581 3705 695 3758 alterum
712 3707 787 3778 quod
804 3717 988 3764 conservatum
1016 3710 1113 3778 incipit
1135 3709 1170 3758 sb
1197 3719 1235 3770 et,

215 3787 318 3842 desinit
334 3793 363 3842 in
381 3794 456 3850 urle.
533 3831 536 3838 .

297 3903 323 3952 0·
342 3887 457 3960 Eprium
474 3891 530 3959 (sel
547 3910 562 3948 e
577 3893 729 3966 proprium)
748 3895 787 3958 F,
813 3905 840 3950 et
859 3915 920 3950 mox
938 3899 1038 3951 vr'iem.
1080 3883 1083 3890 ¹

287 3983 323 4037 m.
345 3983 394 4042 sed
411 3985 524 4040 inseruit
545 3990 660 4064 Lipsius.
695 3991 758 4046 idos
783 4009 820 4063 ¹7·
838 3992 991 4046 luminibus
1009 3994 1109 4050 seculis
1126 3995 1153 4050 Ρ.
