2890 4728
218 469 278 536 250
613 443 857 510 canussius
953 397 955 405 ’

222 662 372 728 quemque
393 638 494 709 armis,
516 632 717 694 committunt.
761 625 899 684 Victoria
920 620 1010 680 butor
1029 611 1075 675 vel
1096 610 1176 672 illius
1189 628 1243 690 pro

222 748 407 837 praeiudicio
427 743 584 822 accipitur.

304 857 351 914 De
372 849 542 912 minoribus
561 844 653 906 rebus
671 841 820 924 principes
837 833 1032 903 consultant,
1064 826 1103 888 de
1124 808 1307 887 maiori-ll
1399 877 1404 884 .

222 961 278 1021 bus
300 977 413 1033 omnes,
439 957 479 1014 ita
498 963 598 1011 tamen
622 958 656 1008 ut
677 965 711 1008 ea
724 963 857 1026 quoquc,
878 959 1007 1022 quornm
1028 955 1118 1019 penes
1130 932 1248 1016 plebem

205 1062 383 1129 'arhiuium
404 1073 464 1134 est,
489 1055 569 1139 apud
589 1053 742 1138 principes
759 1026 994 1131 pertractentur.
1039 1046 1168 1118 Coeunt,
1191 1035 1278 1101 nisi5

226 1175 299 1258 qnid
321 1174 477 1234 fortuitum
500 1175 530 1228 et
550 1164 688 1226 subitum
708 1159 832 1234 incidit,
851 1159 943 1226 certis
963 1155 1082 1232 dicbus,
1107 1173 1176 1216 cum
1197 1161 1251 1211 aut
1337 1230 1343 1236 ‘

227 1283 385 1344 inchoatur
404 1278 476 1338 luna
498 1285 552 1335 aut
574 1271 733 1354 impletur:
766 1289 835 1327 nam
858 1265 980 1348 agendis
1001 1261 1090 1322 rebus
1112 1260 1171 1319 boc
1195 1279 1251 1334 au-

229 1391 455 1471 spicatissimum
480 1383 600 1440 initium
621 1377 759 1438 credunt.
801 1375 863 1434 Nec
886 1373 1006 1432 dierum
1026 1383 1201 1442 numerum,
1218 1375 1253 1422 ut

227 1517 296 1570 nos,
319 1493 370 1553 sed
394 1489 527 1550 noctium
548 1492 733 1562 computant.
774 1480 824 1540 Sic
845 1480 1049 1551 constituunt,
1082 1477 1125 1534 sic
1147 1471 1253 1532 cundi-

227 1611 308 1662 cunt.
351 1597 416 1658 Nox
436 1595 547 1655 ducere
560 1591 639 1650 diem
652 1589 781 1654 videtur.
823 1583 900 1646 lllud
922 1606 956 1644 ex
978 1583 1119 1643 libertate
1137 1581 1303 1656 vitium,10

229 1706 309 1790 quod
333 1725 394 1764 non
416 1699 503 1762 simul
524 1717 579 1758 nec
594 1705 634 1754 ut
655 1694 728 1754 iussi
748 1695 953 1771 conveniunt,
984 1689 1036 1751 sed
1069 1701 1101 1749 et
1128 1687 1255 1747 alteret

184 1831 186 1835 ’
228 1815 334 1878 tertius
355 1813 416 1900 dies
440 1808 631 1869 cunctatione
650 1804 823 1865 coeuntium
856 1802 1037 1862 absumitur.
1080 1799 1123 1857 Ut
1149 1794 1256 1856 turbae

229 1922 362 2003 placuit,
383 1915 545 1978 considunt
566 1915 683 1979 armati.
721 1911 884 1973 Silentium
905 1931 959 1992 per
979 1906 1166 1982 sacerdotes,
1189 1903 1279 1983 (1111·-

229 2029 285 2090 bus
306 2039 370 2088 tum
399 2035 430 2087 et
458 2022 619 2086 coercendi
648 2023 695 2082 ius
724 2033 782 2099 est,
813 2021 987 2102 imperatur.
1030 2017 1103 2077 Mox
1128 2031 1180 2071 rex
1208 2005 1258 2070 vel

211 2125 382 2219 princeps,
402 2141 496 2215 prout
518 2139 598 2191 aetas
618 2130 737 2210 cuique,
758 2137 849 2210 prout
868 2126 1031 2197 nobilitas,
1057 2129 1148 2202 prout
1165 2116 1258 2176 decus
1271 2099 1307 2160 ¹5

230 2243 396 2316 bellorum,
420 2223 510 2320 prout
530 2235 675 2308 facundia
696 2247 758 2311 est,
780 2234 962 2306 audiuntur,
994 2229 1172 2294 auctoritate
1191 2243 1260 2284 sua-

233 2345 323 2409 dendi
345 2346 437 2425 magis
461 2365 551 2424 quam
572 2341 697 2403 iubendi
718 2349 880 2421 potestate.
922 2337 953 2395 Si
968 2335 1119 2416 displicuit
1140 2339 1261 2392 senten·

232 2457 274 2514 tia
288 2497 297 2532 ,
313 2453 443 2512 ‘fremitu
465 2459 687 2530 aspernantur,
708 2449 754 2506 sin
767 2445 900 2526 placuit,
920 2444 1047 2502 frameas
1068 2440 1258 2500 concutiunt.

234 2558 505 2620 Honoratissimum
521 2573 664 2614 ¹assensus
692 2572 785 2633 genus
814 2560 859 2610 est
885 2551 973 2610 armis
1001 2549 1136 2613 laudare.
1177 2520 1329 2604 Licetffl
1434 2591 1435 2598 ,

235 2665 314 2744 apud
334 2659 494 2724 concilium
516 2679 656 2720 accusare
670 2677 793 2740 qnoque
808 2665 841 2716 et
862 2656 1021 2716 discrimen
1036 2653 1143 2736 capitis
1164 2655 1263 2713 interr·
1275 2665 1315 2706 πο

239 2769 322 2826 dere.
362 2763 523 2822 Distinctio
535 2783 702 2842 poenarum
714 2783 748 2822 ex
761 2761 884 2822 delicto.
925 2763 1102 2822 Proditores
1116 2769 1144 2821 et
1159 2770 1264 2820 trans..

237 2873 320 2950 sugas
341 2869 501 2930 arboribus
522 2869 721 2950 suspendunt,
739 2853 864 2950 ignavos
887 2879 915 2928 et
932 2869 1066 2930 imbelles
1088 2879 1118 2930 et
1137 2887 1264 2947 corpore

236 2977 362 3038 infames
380 2995 475 3036 coeno
497 2997 531 3035 ac
552 2959 679 3056 palude,
703 2975 809 3036 iniecta
831 2977 954 3056 insuper
976 2985 1078 3050 crate,
1112 2983 1265 3056 mergunt.

237 3085 402 3146 Diversitas
423 3083 559 3164 supplicii
579 3083 651 3144 illuc
672 3083 811 3166 respicit,
842 3094 986 3163 tanquam
1009 3081 1120 3142 scelera
1145 3079 1265 3141 ostendi

239 3203 394 3274 oporteat,
417 3191 489 3253 dum
511 3192 692 3272 puniuntur,
713 3190 827 3272 flagitia
848 3189 999 3250 abscondi.
1042 3187 1103 3246 Sed
1125 3195 1156 3246 et
1170 3177 1319 3247 levio-25

160 3376 166 3385 1
240 3298 325 3360 ribus
347 3297 461 3360 delictis
480 3319 536 3380 pro
559 3299 650 3359 modo
672 3316 790 3378 poena:
811 3317 958 3382 equorum
980 3311 1184 3376 pecorumque
1207 3312 1264 3352 nu·

245 3437 446 3455 Ἢ·-

309 3507 351 3566 26,
367 3523 473 3578 poena:
492 3525 623 3580 equorum
641 3505 795 3556 Acidalius:
820 3497 931 3556 codiccs'
946 3520 1096 3574 poenorum
1127 3497 1267 3572 equorum}

241 3627 274 3637 -
296 3600 365 3652 Vide
386 3597 537 3677 ut'syllaba
557 3619 616 3654 rum
639 3619 671 3653 ex
688 3618 817 3672 equorum
833 3601 1006 3669 praecedenti
1023 3617 1112 3670 poena
1131 3595 1268 3658 ,adbaese-

241 3691 291 3753 rit‚
311 3709 361 3762 qua
381 3697 483 3747 ratione
503 3695 588 3749 multa
604 3697 671 3752 vitia
690 3699 719 3746 in
732 3703 837 3747 veteres
855 3693 940 3745 libros
961 3693 1039 3743 illata
1062 3701 1133 3746 aunt.
1172 3689 1267 3742 Nihilo

205 3797 207 3804 ’
242 3785 332 3836 miuus
350 3803 385 3855 'ex
404 3791 601 3843 recentioribus
622 3776 769 3860 plures'ad
799 3787 920 3838 codicum
945 3787 1036 3838 sordes
1066 3787 1165 3854 relapsi
1193 3771 1266 3838 suut.

243 3877 297 3928 Sed
318 3880 339 3928 si
358 3883 497 3951 coniungis
514 3879 564 3952 pro
582 3874 659 3936 mddo
675 3901 831 3953 poenarum,
851 3881 903 3932 boc
921 3879 1132 3930 additamentum
1147 3889 1175 3930 et
1194 3877 1269 3928 otio·

242 3989 299 4023 aum
319 3983 359 4024 est
378 3987 405 4029 ct
422 3995 573 4046 perversam
593 3977 706 4051 praebet
728 3978 903 4031 sententiam:
931 3991 992 4027 nam
1022 3977 1111 4026 noxiis
1138 3987 1266 4042 non'pro

243 4065 319 4120 modo
339 4088 486 4151 poenorum
504 4069 552 4128 'sed
573 4093 621 4146 pro
640 4073 717 4127 modo
739 4072 898 4127 delictorum
916 4089 1019 4140 poenae
1038 4073 1149 4140 irrogari
1171 4071 1266 4119 dicun-
