2886 4726
523 443 600 507 na.
620 442 674 504 ιιι.
697 442 783 508 (ιιι.
800 421 945 518 ,ιι-ιι.
1170 441 1226 505 iet

80 653 103 664 a·
201 620 358 704 cipiundos
379 631 427 683 tot
456 621 585 686 illustres
613 626 704 684 viros.
748 623 810 684 Cur
840 623 918 682 enim
956 621 1105 686 orostris
1130 619 1233 680 fratris
1247 623 1274 694 (ι
1290 619 1319 672 C·
1337 619 1393 688 Gn)

140 711 142 718 ’
202 726 346 804 domum,
377 726 584 788 imminentem
613 729 682 788 forn
703 738 733 789 et
763 727 919 790 irritandis
946 725 1102 812 homiuum
1130 723 1240 803 oculis,·
1435 719 1436 726 ἵ

201 854 293 914 qnam
314 825 501 898 Aventinum
524 849 553 900 et
574 847 697 920 penates
720 836 820 898 uxoris
840 833 988 916 petisset?
1005 835 1046 894 ita
1066 831 1188 915 privato
1207 843 1238 894 et

203 959 324 1002 omnem
337 943 526 1026 principatus
538 945 669 1027 speciem
691 943 801 1004 vitanti
823 941 1010 1007 convenisse.
1053 933 1248 1002 ContraVi-‘

176 1039 320 1109 §talliam
342 1053 373 1110 in
396 1053 562 1134 palatium,
596 1053 627 1112 in
652 1052 748 1132 ipsam
780 1049 899 1130 imperii
928 1069 1025 1109 arcem
1051 1067 1238 1130 regressnm3

202 1156 275 1217 inde
292 1170 454 1240 armatum
467 1181 574 1241 agmen
597 1159 761 1232 emissum
782 1165 904 1215 stratam
924 1155 1132 1214 innocentium
1171 1175 1240 1239 cap·

202 1261 292 1322 dibus
314 1262 542 1325 celeberrimam
563 1258 646 1324 urbis
668 1271 806 1342 partem3
829 1281 868 1321 ne
888 1261 1034 1346 Capitolio
1046 1260 1168 1342 quidem
1181 1261 1238 1319 ab.

202 1371 317 1429 stiueri.
361 1372 510 1453 Togatam
531 1391 639 1450 nempe
655 1389 688 1428 se
710 1379 738 1428 et
758 1389 852 1428 unum
876 1389 892 1428 e
922 1369 1135 1445 senatoribus,
1165 1369 1237 1429 dam

144 1477 148 1484 “
180 1475 284 1536 iinter
305 1477 523 1558 Vespasianum
546 1499 581 1537 aio
603 1475 762 1536 Vitellium
783 1473 907 1557 praeliis
939 1472 1111 1558 legionum,
1140 1479 1238 1557 capti·
1265 1546 1271 1560 ι

154 1583 343 1643 ¹0vitatibus
363 1583 505 1662 urbium,
539 1581 746 1645 deditionibus
773 1581 947 1644 cohortium
976 1583 1145 1660 iudicatur3
1176 1585 1236 1645 iam

197 1677 349 1772 Hispaniis
370 1695 605 1776 Germaniisque
622 1701 653 1753 et
674 1693 831 1754 Britannia
853 1691 1088 1755 desciscentibus
1107 1691 1234 1752 fratrem
1280 1757 1286 1768 ,

198 1795 378 1878 Vespasiani
399 1799 543 1858 mansisse
565 1799 596 1857 in
620 1797 696 1875 fide,
728 1798 824 1858 donec
851 1793 933 1858 ultro
966 1797 1005 1858 ad
1026 1799 1253 1860 ¹condiciones'

196 1909 370 1966 vocaretur.
411 1907 522 1967 Pacem
543 1916 573 1966 et
594 1904 790 1965 concordiam
814 1903 902 1964 victis
922 1905 1031 1983 utilia,
1066 1907 1232 1966 victoribus

196 2023 315 2074 tantum
343 2011 474 2094 pulchra
495 2035 568 2075 esse.
609 2013 642 2074 Si
665 2011 874 2073 conventionis
895 2017 1063 2094 paeniteat,
1094 2035 1153 2072 non
1187 2033 1232 2092 se,

153 2125 288 2200 15quem
308 2121 436 2201 pertidia
455 2095 628 2198 deceperit,
650 2117 734 2181 ferro
759 2127 892 2200 peteret,
920 2137 980 2178 uon
1002 2117 1096 2178 filium
1116 2119 1232 2199 Vespa..

199 2213 276 2285 sioni
297 2229 351 2285 vix
371 2227 536 2304 puberem:
561 2235 711 2305 quantum
730 2227 837 2286 occisis
862 2247 922 2284 uno
943 2247 1013 2286 sene
1035 2238 1064 2286 et
1096 2245 1157 2285 nno
1183 2229 1232 2286 iu·
1328 2274 1331 2282 .

175 2377 178 2384 ,
199 2349 277 2391 vene
298 2327 431 2410 profici?
451 2327 513 2387 iret
535 2328 657 2387 obviam
681 2327 849 2408 legionibus
872 2341 900 2388 et
922 2325 959 2390 de
980 2351 1094 2390 summa
1128 2350 1230 2394 rernm

199 2433 262 2495 illic
293 2447 436 2498 cemaretz
468 2448 566 2497 cetera
596 2436 763 2497 secundum
797 2449 936 2512 eventum
967 2437 1071 2520 praelii
1101 2461 1229 2510 cessura.

198 2543 350 2624 Trepidas
360 2543 397 2604 ad
412 2543 488 2604 haec
501 2542 643 2606 Vitellius
653 2565 748 2626 panca
769 2546 921 2627 purgandi
935 2547 980 2606 sui
995 2562 1086 2610 ‘caasa
1101 2571 1228 2632 respon.

152 2669 190 2710 nu
199 2651 264 2730 dit,
286 2651 407 2732 culpam
429 2651 460 2710 in
486 2645 613 2710 militem
632 2651 807 2730 conferens,
829 2651 915 2712 cuius
935 2640 1030 2712 nimio
1050 2653 1152 2716 ardori
1170 2658 1228 2717 ina.

197 2779 301 2838 parem
322 2779 384 2818 esse
406 2757 585 2818 modestiam
618 2779 726 2821 suam·
754 2757 810 2820 Etae
830 2759 948 2820 monuit
970 2763 1159 2840 Martialem,
1174 2801 1177 2810 ·
1193 2775 1228 2826 ut
1280 2737 1288 2749 Ι

197 2885 251 2944 per
276 2877 421 2924 secretam
444 2865 565 2926 aedium
585 2876 706 2946 partem
727 2866 847 2927 occulte
859 2864 967 2944 abiret,
988 2889 1027 2930 ne
1045 2891 1063 2930 a
1082 2871 1228 2933 militibus

198 2969 403 3030 internuntius
426 2969 539 3030 invisae
572 2974 653 3052 pacis
681 2972 912 3033 interficeretur.
955 2976 1022 3054 lpse
1051 2995 1150 3056 neque
1176 2975 1226 3036 in.

198 3077 291 3138 bandi
313 3100 411 3162 neque
433 3079 554 3140 vetandi
574 3076 697 3161 potens,
719 3102 781 3141 ιιοιι
803 3084 1048 3162 iamimperator
1076 3081 1136 3156 sedi
1156 3095 1225 3142 tan·

134 3178 181 3260 71
200 3197 263 3246 tum
286 3185 358 3246 belli
368 3207 455 3248 causa
470 3197 546 3247 erat.
589 3185 721 3246 Vixdum
742 3208 878 3268 regresso
892 3189 921 3248 in
937 3187 1124 3270 Capitolium
1143 3191 1224 3248 Mar·

196 3293 268 3363 tiale
287 3295 393 3381 furens
413 3295 497 3355 miles
521 3293 642 3371 aderat,
666 3291 749 3353 nullo
772 3295 862 3372 duce,
884 3295 940 3356 sibi
961 3299 1087 3380 quisque
1107 3307 1224 3362 auctor.

198 3402 268 3478 Cito
292 3407 410 3482 agmine
432 3402 533 3464 sorum
558 3412 588 3462 et
611 3401 793 3462 imminentia
805 3404 872 3464 soro
894 3405 1005 3488 templa
1028 3407 1222 3485 praetervecti
1289 3407 1292 3412 ’

198 3510 318 3590 erigunt
339 3511 434 3570 aciem
455 3531 510 3589 per
534 3511 694 3570 adversum
722 3511 827 3572 collem
850 3489 944 3596 usque
969 3513 1006 3571 ad
1029 3513 1138 3594 primas
1164 3513 1222 3570 Ca·

196 3613 435 3692 pitolinaeurcis
456 3613 541 3676 sores.
584 3615 681 3676 Erant
708 3618 878 3700 antiquitus
904 3617 1037 3700 porticus
1065 3620 1096 3680 in
1128 3619 1222 3682 latere

195 3751 492 3772 Μαι-α’

283 3859 299 3922 d
324 3849 476 3912 corz'tenisse
486 3857 536 3910 Ma.

266 3953 524 4008 nutrimentalem
543 3955 682 4007 Puteolani
702 3956 853 4010 editiones·
878 3955 984 4012 ΒίῗΜὸΙ
1004 3960 1106 4012 ni'miur
1126 3955 1220 4010 ardor.

157 4073 160 4078 ·
207 4051 209 4055 ’
264 4059 305 4096 22.
322 4063 338 4096 a
358 4045 433 4097 deest
452 4048 509 4100 ΒΜ
526 4049 552 4096 lt.
