2914 4724
221 340 263 408 48
589 340 880 402 tttsrotttstttitt

63 528 89 597 (a
108 526 135 580 C.
150 526 206 595 69.)
219 534 334 605 partem
366 523 514 584 exereitus
547 533 577 582 et
611 543 824 602 prosperarum
855 521 1111 601 adversarumque
1142 539 1244 580 rerum

219 651 321 692 socrus.
362 631 394 688 Si
416 631 537 689 fortuna
559 637 663 687 contra
686 628 791 703 daret,
820 629 907 688 iratis
928 649 966 686 ne
993 627 1244 708 relinquerentur.

220 737 274 798 llis
295 748 326 796 et
346 735 485 815 pluribus
507 738 536 793 in
560 735 689 794 eundem
711 735 835 796 modum
855 733 1065 816 perpulerant,
1087 745 1120 794 ut
1139 756 1177 794 ne
1203 732 1244 792 le-
1258 716 1314 793 66

220 848 280 924 gati
302 842 423 923 quidem
447 862 482 900 ac
504 841 596 902 duces
618 843 750 922 partium
772 843 917 926 restingui
945 863 1033 923 posse
1060 840 1245 900 iracundiam

222 951 370 1010 exercitus
390 949 631 1024 arbitrarentur,
666 972 735 1008 cum
757 950 840 1010 barul
862 953 957 1032 ignari
991 949 1172 1011 discriminis
1201 942 1284 1005 sui&

222 1059 424 1134 Viennenses,
448 1057 616 1118 velamenta
638 1069 667 1118 et
689 1059 798 1118 infulas
817 1060 1042 1139 praeferentes,
1066 1057 1120 1116 ubi
1141 1076 1248 1137 agmen

221 1169 398 1243 incesserat,
420 1188 502 1226 arma
524 1187 621 1248 genua
639 1167 761 1244 vestigia
785 1166 955 1244 prensando
976 1164 1088 1226 flexere
1120 1164 1252 1222 militum

224 1274 351 1334 animos.
395 1271 521 1330 Addidit
542 1270 655 1328 Valens
677 1281 813 1330 trecenos
831 1274 953 1352 singuiis
974 1271 1122 1332 militibus
1141 1280 1253 1330 sester-

225 1383 297 1442 tios.
335 1381 417 1439 Tum
440 1389 573 1438 vetustas
593 1377 781 1458 dignitasque
802 1379 937 1438 coloniae
959 1379 1075 1456 valuit,
1105 1390 1137 1439 et
1159 1377 1252 1438 verba

225 1489 313 1548 Fabii
333 1487 458 1548 salutem
478 1483 1004 1566 incolumitatemqueViennensium
1016 1488 1255 1547 commendantis
1270 1507 1305 1548 to

228 1597 330 1677 aequis
351 1593 479 1654 auribus
497 1605 629 1672 accepta.
670 1593 797 1654 Publice
811 1603 914 1653 tamen
936 1596 1025 1654 armis
1047 1591 1166 1652 multati
1190 1592 1256 1672 pri·

228 1703 307 1762 vatis
327 1710 358 1760 et
378 1697 552 1781 promiscuis
578 1698 671 1778 copiis
691 1697 797 1758 iuve're
817 1697 955 1762 militem.
997 1697 1058 1759 Sed
1081 1697 1159 1758 fama
1182 1720 1257 1758 cun·

228 1819 309 1870 stans
330 1808 388 1868 snit
412 1807 510 1888 ipsum
530 1805 687 1867 Valentem
710 1821 818 1892 magna
832 1808 960 1888 pecunia
972 1819 1118 1889 emptum.
1162 1808 1257 1868 lsdiu

229 1913 385 1994 sordidus,
412 1923 536 1995 repente
557 1913 642 1976 dives
663 1917 859 1974 mutationem
880 1915 1021 1974 fortunae
1035 1913 1111 1974 male
1129 1917 1257 1996 tegebat,

232 2124 353 2184 iuventa
375 2145 462 2186 seucx
493 2124 650 2207 prodigus.
691 2127 790 2186 Lento
817 2125 925 2186 deinde
953 2128 1071 2206 agmine
1104 2147 1157 2206 per
1187 2127 1259 2186 fines

232 2230 435 2312 Allobrogum
457 2243 488 2293 et
506 2233 726 2294 Vocontiorum
752 2233 862 2294 ductus
887 2235 1052 2309 exercitus,
1085 2237 1150 2316 ipsa
1170 2235 1260 2294 itine-

233 2363 301 2404 rum
322 2341 417 2421 spatia
439 2349 469 2398 ct
489 2340 666 2400 stativorum
680 2341 870 2426 ⁸mutationes
890 2338 1068 2400 venditante
1088 2337 1177 2414 duce,
1198 2339 1262 2398 foe·

236 2448 281 2507 dis
303 2447 490 2529 pactionibus
514 2445 657 2506 adversus
676 2467 862 2527 possessores
883 2467 1025 2528 agrorum
1046 2457 1077 2508 et
1103 2447 1261 2528 magistra·

211 2635 217 2642 ,
236 2565 285 2613 tus
307 2552 479 2628 civitatum,
504 2551 579 2612 adcn
597 2554 754 2613 minaciter
775 2564 810 2613 ut
821 2555 904 2612 Luco
922 2553 1128 2634 (municipium
1152 2555 1184 2614 id
1197 2535 1312 2616 Vri-²⁰

237 2657 410 2720 cantiorum
431 2661 483 2737 est)
504 2660 580 2720 iaces
601 2662 779 2734 admoverit,
802 2661 899 2720 donec
920 2664 1047 2743 pecunia
1067 2665 1263 2746 mitigaretur.

240 2767 385 2843 Quotiens
406 2765 552 2846 pecuniae
583 2769 706 2829 materia
738 2769 870 2841 deesset,
905 2769 1014 2852 stupris
1046 2781 1079 2832 et
1111 2771 1265 2832 adulteriis

241 2872 430 2933 exorabatur.
471 2873 521 2934 Sic
541 2873 580 2934 ad
606 2875 694 2956 Alpes
715 2886 904 2957 perventum.
960 2918 963 2928 .

322 2978 395 3040 Plus
416 2981 545 3061 praedae
567 3004 601 3042 ac
628 2985 782 3064 sanguinis
817 2983 945 3043 Caecina
975 2983 1081 3046 bausit.
1125 2973 1331 3054 irritare-67

245 3082 489 3098 tu——n--u-——q

243 3120 364 3174 onrndit
380 3120 489 3172 Claudii
509 3119 629 3173 Caesaris
652 3124 738 3173 oratio
760 3121 883 3190 Lugduni
903 3127 1028 3178 marmori
1044 3127 1143 3178 incisa:
1174 3129 1266 3180 Orna-

245 3213 348 3267 tiss'imc
369 3231 430 3266 ecce
450 3215 690 3287 scientissimeque
720 3218 831 3269 colonia
859 3219 1051 3271 Viennensium
1076 3236 1157 3291 quam
1184 3223 1267 3292 longo

246 3311 300 3361 iam
317 3325 433 3380 tempore
454 3321 593 3363 servatores
609 3308 674 3362 tute
692 3311 786 3363 curiae
815 3312 927 3372 confert.
964 3313 1071 3380 Quibus
1098 3318 1119 3368 si
1145 3317 1270 3381 adiungi·

247 3419 306 3454 mus
326 3420 395 3474 quac
413 3403 523 3455 Tacitus
540 3405 622 3470 paulo
641 3411 703 3471 post
720 3421 743 3458 e.
760 3407 802 3457 66.
821 3407 854 3456 de
865 3407 970 3458 Vienna
989 3408 1065 3470 dicit,
1085 3421 1270 3466 tumvetustas

248 3496 422 3570 dignitasque
441 3499 568 3553 coloniae
592 3497 699 3560 valuit,
723 3513 781 3550 eam
800 3499 893 3552 urbem
916 3519 1006 3554 reram
1027 3505 1162 3558 coloniam
1186 3501 1269 3554 inisse

248 3592 321 3648 haud
341 3594 537 3647 dubitabimus.
874 3587 876 3592 ¹

336 3701 360 3739 α’.
379 3687 405 3736 si
412 3689 533 3756 fhrtuna
547 3689 692 3745 adroderet
700 3692 750 3742 Ma,
768 3691 832 3746 Mox
846 3713 879 3747 ne
897 3711 945 3762 pro
962 3694 1039 3746 neel.
1053 3693 1094 3744 Fr.
1107 3691 1274 3748 Gronovius

335 3778 360 3844 4.
377 3797 465 3850 posset
481 3786 541 3847 W,
561 3794 589 3837 ct
606 3788 732 3858 ignaris,
750 3796 777 3840 et
802 3808 826 3858 9.
847 3803 970 3850 vetusta,
990 3798 1016 3841 ct
1033 3788 1133 3844 deinde
1149 3789 1271 3856 fabirut

252 3891 273 3926 c.
292 3878 334 3946 67.
351 3875 461 3927 helveti.

320 3972 359 4040 ai.
381 3971 512 4039 Caecina]
527 3992 601 4042 prasi
622 3977 734 4028 caecina
755 3975 802 4026 Mi.
