2914 4724
158 281 167 312 l

225 379 266 442 36
593 375 877 436 lllSTORlAllUltl

68 563 133 627 (ac
158 564 175 614 6
177 567 216 632 J.)
227 555 281 614 lias
298 564 328 616 et
348 562 450 614 cetera
471 553 596 614 militiae
618 555 723 614 munia
744 555 849 616 eadem
879 553 1000 617 lascivia
1020 562 1202 628 temerasset,
1225 557 1254 614 iu

227 664 299 743 ipsis
320 663 478 743 principiis
498 647 638 743 stuprum
658 684 749 740 ausa;
768 674 799 722 et
819 661 956 721 criminis
974 659 1064 719 buius
1083 680 1152 718 reus
1164 661 1253 720 Titus

226 772 335 829 Vinius
355 770 545 850 arguebatur.
588 771 681 850 Igitur
703 771 784 830 iussn
806 771 864 830 Gai
885 768 1019 828 Caesaris
1040 779 1185 826 oneratus
1204 789 1254 826 ca·

226 877 321 951 tenis,
344 896 411 934 mox
433 875 601 936 mutatione
621 888 793 956 temporum
812 875 969 951 dimissus,
995 897 1085 936 eursu
1103 875 1252 933 bonorum

227 980 372 1040 inoffenso
392 980 502 1062 legioni
527 993 595 1062 post
622 992 803 1063 praeturam
824 985 1011 1064 praepositus
1038 977 1280 1063 probatusque„5

225 1085 331 1147 servili
346 1086 486 1170 deinceps
503 1091 615 1171 probro
636 1113 791 1172 respersus
811 1102 857 1152 est
876 1102 1020 1173 tanquam
1041 1087 1187 1172 scyphum
1198 1107 1253 1145 au·

225 1217 312 1254 reum
341 1197 372 1254 in
403 1197 543 1256 convivio
573 1197 690 1255 Claudii
722 1199 861 1276 iuratus3
896 1209 927 1259 et
955 1197 1099 1258 Claudius
1128 1205 1254 1278 postera

227 1301 275 1360 ilie
302 1301 356 1361 soli
384 1304 519 1360 omnium
554 1302 647 1360 Vinio
678 1302 819 1361 fictilibus
857 1306 1021 1365 ministrari
1050 1305 1146 1364 iussit.
1194 1298 1254 1360 Sed

226 1409 334 1468 Vinius
355 1408 565 1490 proconsulatu
588 1405 717 1466 Galliam
738 1407 966 1468 Narbonensem
992 1431 1098 1469 severe
1123 1411 1253 1490 integre.

227 1539 285 1597 que
309 1519 394 1576 rexit.
436 1516 505 1574 Mor
526 1513 642 1573 Galbae
664 1515 797 1576 amicitia
816 1517 848 1575 in
870 1515 1033 1595 abruptum
1053 1525 1180 1590 tractus,
1197 1537 1253 1574 au.
1266 1533 1301 1574 ιο

225 1625 281 1684 dar
303 1622 429 1684 callidus
449 1633 606 1702 promptus
625 1632 674 1698 et,
693 1632 789 1704 prout
808 1622 945 1682 animum
964 1622 1161 1695 intendisset,
1181 1644 1253 1702 pra.
1289 1673 1298 1680 .

227 1751 281 1790 vus
316 1741 368 1789 aut
393 1729 576 1805 industrius,
611 1728 717 1789 eadem
744 1730 787 1790 vi.
830 1729 1059 1789 Testamentum
1088 1729 1150 1788 Titi
1171 1729 1255 1788 Vinii

227 1836 430 1916 magnitudine
467 1855 560 1916 opum
597 1835 743 1913 irritum,
779 1833 898 1894 Pisonis
934 1853 1105 1914 supremam
1142 1832 1253 1891 volun.

225 1951 318 2002 tatem
354 1953 515 2023 paupertas
544 1941 690 2000 firmavit.
751 1939 867 2000 Galbae
905 1961 1017 2020 corpus
1044 1939 1095 2000 diu
1134 1938 1315 2020 neglee-49

226 2059 294 2108 tum
315 2059 345 2107 et
364 2048 482 2108 licentia
505 2047 699 2108 tenebrarum
720 2047 857 2128 plurimis
875 2045 1012 2107 ludibriis
1033 2057 1172 2107 vexatum
1189 2044 1300 2106 dis-15

226 2167 369 2238 pensator
389 2158 517 2238 Argius,
541 2175 558 2214 e
581 2155 735 2236 prioribus
757 2153 870 2227 servis,
903 2152 1012 2214 humili
1033 2153 1190 2235 sepultura
1219 2156 1252 2213 iu
1282 2218 1284 2226 ¹

226 2263 348 2344 privatis
372 2264 436 2322 eins
457 2261 552 2322 bortis
580 2261 723 2322 contexit.
766 2262 863 2340 Caput
885 2282 942 2342 per
968 2261 1043 2320 lixas
1058 2241 1253 2342 *calonesque

228 2368 365 2430 suffixum
386 2367 610 2449 laceratumque
630 2377 701 2428 ante
722 2367 858 2460 ljatrobii
878 2365 1029 2428 tumulum
1064 2363 1200 2442 (libertus
1228 2368 1253 2427 is

229 2475 362 2536 Neronis
382 2475 501 2555 punitus
521 2496 538 2532 a
560 2473 656 2533 Galba
678 2474 787 2549 fuerat)
808 2484 928 2554 postera
948 2472 1071 2531 demum
1093 2471 1253 2554 dierepen

229 2590 294 2640 tum
315 2590 344 2639 et
365 2590 498 2639 cremato
518 2581 577 2637 iam
599 2581 717 2659 corpori
739 2578 903 2638 admixtum
927 2586 985 2636 est.
1029 2578 1120 2637 Hune
1142 2580 1301 2652 exitum20

230 2686 338 2746 babuit
359 2683 482 2744 Servius
512 2683 627 2761 Galba,
659 2683 758 2743 tribus
780 2693 811 2743 et
831 2683 1019 2764 septuaginta
1047 2684 1134 2746 aunis
1160 2689 1252 2768 quin.

230 2813 290 2876 que
308 2769 456 2874 principes
476 2813 622 2874 prospera
643 2791 766 2852 fortuna
785 2811 922 2852 emensus
945 2803 976 2851 et
996 2789 1094 2852 alieno
1122 2793 1250 2876 imperio

231 2898 347 2960 felicior
373 2919 461 2981 quum
493 2919 560 2957 suc.
605 2899 699 2958 Vetus
728 2899 758 2958 in
791 2895 903 2958 familia
937 2898 1096 2969 nobilitas,
1125 2919 1252 2981 magnae

231 3025 319 3087 opes:
342 3006 397 3088 ipsi
411 3003 551 3079 ,medium
573 3005 736 3086 ingenium,
759 3006 852 3086 magis
872 3017 956 3066 extra
977 3009 1047 3067 vitia
1070 3028 1161 3088 quam
1180 3028 1250 3067 cum
1286 3081 1289 3086 Ι

231 3113 403 3179 virtutibus,
445 3111 556 3171 Famae
584 3132 638 3170 nee
657 3111 827 3172 incuriosus
849 3129 903 3170 nee
926 3111 1128 3172 venditator⁰¹
1153 3111 1299 3184 Pecu-25

231 3219 299 3280 niae
319 3220 433 3280 alienae
451 3241 510 3281 non
530 3231 690 3306 appetens,
713 3245 784 3286 suae
804 3247 929 3306 parcus,
968 3222 1106 3308 publicae
1127 3245 1248 3286 avarus.

231 3353 460 3369 -Da—

321 3426 342 3462 ι.
370 3419 524 3461 temerasset
552 3407 706 3462 ereuauus:
731 3424 902 3482 temperasset
931 3408 974 3460 Ma
1004 3418 1032 3462 et
1056 3411 1189 3480 plerique.
1213 3437 1247 3450 -

232 3499 385 3552 waltherus
404 3519 452 3569 pro
470 3517 516 3552 sua
538 3505 732 3554 eonsstetutiine
754 3505 883 3556 librorum
901 3507 1061 3572 scripturam
1079 3507 1174 3573 quovis
1188 3519 1252 3572 pre-

233 3595 273 3642 tio
294 3593 430 3645 vindicare
448 3605 579 3658 conatur,
606 3603 633 3648 et
651 3613 798 3668 temperare
817 3600 937 3667 explieat
963 3598 1119 3660 moderari,
1149 3615 1249 3666 regere.

234 3687 353 3740 Frustra,
388 3689 453 3743 llam
471 3709 530 3744 eunt
551 3705 696 3764 temperare
714 3695 847 3759 signifieat
865 3695 902 3743 ita
919 3711 1029 3762 regere,
1061 3703 1090 3743 ut
1110 3709 1151 3743 res
1172 3693 1250 3743 iustis

235 3779 335 3832 sinibus
361 3782 544 3849 cornicantur,
576 3787 695 3839 lasci-viu
725 3795 884 3855 temperare
905 3787 1006 3837 milites
1029 3789 1122 3855 inepte
1150 3786 1250 3840 dictum

235 3887 292 3924 esse
311 3873 405 3940 tepet,

307 3983 344 4021 tt·
364 3963 470 4021 t‘alt'rlus
488 3967 566 4033 utta,
585 3977 612 4020 et
630 3971 669 4036 ²l·
683 3971 788 4035 maguis
810 3981 887 4019 extra
907 3969 985 4022 victa
1007 3971 1057 4028 Ma
