<?xml version="1.0" encoding="UTF-8"?>
<!DOCTYPE html PUBLIC "-//W3C//DTD XHTML 1.0 Transitional//EN"
    "http://www.w3.org/TR/xhtml1/DTD/xhtml1-transitional.dtd">
<html xmlns="http://www.w3.org/1999/xhtml" xml:lang="en" lang="en">
 <head>
  <title>
</title>
<meta http-equiv="Content-Type" content="text/html;charset=utf-8" />
  <meta name='ocr-system' content='tesseract 3.04.00' />
  <meta name='ocr-capabilities' content='ocr_page ocr_carea ocr_par ocr_line ocrx_word'/>
</head>
<body>
  <div class='ocr_page' id='page_1' title='image "./ccorneliitaciti01rittgoog_0270.png"; bbox 0 0 2886 4726; ppageno 0'>
   <div class='ocr_carea' id='block_1_1' title="bbox 66 370 867 493">
    <p class='ocr_par' dir='ltr' id='par_1_1' title="bbox 66 370 867 493">
     <span class='ocr_line' id='line_1_1' title="bbox 66 370 867 493; baseline -0.009 -12"><span class='ocrx_word' id='word_1_1' title='bbox 66 370 128 478; x_wconf 26' lang='grc' dir='ltr'><strong>χ’,</strong></span> <span class='ocrx_word' id='word_1_2' title='bbox 210 430 271 493; x_wconf 68' lang='lat'><strong>253</strong></span> <span class='ocrx_word' id='word_1_3' title='bbox 582 415 867 480; x_wconf 80' lang='lat' dir='ltr'><strong>uisuoauauu</strong></span> 
     </span>
    </p>
   </div>
   <div class='ocr_carea' id='block_1_2' title="bbox 53 591 1342 1326">
    <p class='ocr_par' dir='ltr' id='par_1_2' title="bbox 53 591 1239 699">
     <span class='ocr_line' id='line_1_2' title="bbox 53 591 1239 699; baseline -0.015 -30"><span class='ocrx_word' id='word_1_4' title='bbox 53 632 79 699; x_wconf 80' lang='lat' dir='ltr'><strong>(a</strong></span> <span class='ocrx_word' id='word_1_5' title='bbox 97 631 124 684; x_wconf 72' lang='lat' dir='ltr'><strong>c,</strong></span> <span class='ocrx_word' id='word_1_6' title='bbox 142 616 245 696; x_wconf 63' lang='lat' dir='ltr'><strong>potui</strong></span> <span class='ocrx_word' id='word_1_7' title='bbox 266 624 343 664; x_wconf 85' lang='lat' dir='ltr'><strong>vana</strong></span> <span class='ocrx_word' id='word_1_8' title='bbox 366 601 527 684; x_wconf 75' lang='lat' dir='ltr'>pueriliter</span> <span class='ocrx_word' id='word_1_9' title='bbox 549 591 730 680; x_wconf 84' lang='lat' dir='ltr'><strong>cupientem.</strong></span> <span class='ocrx_word' id='word_1_10' title='bbox 757 593 965 655; x_wconf 69' lang='lat' dir='ltr'><strong>&#39;Domitianus</strong></span> <span class='ocrx_word' id='word_1_11' title='bbox 977 593 1078 674; x_wconf 85' lang='lat' dir='ltr'><strong>sperni</strong></span> <span class='ocrx_word' id='word_1_12' title='bbox 1095 614 1116 652; x_wconf 86' lang='lat' dir='ltr'><strong>a</strong></span> <span class='ocrx_word' id='word_1_13' title='bbox 1139 595 1239 656; x_wconf 86' lang='lat' dir='ltr'><strong>seuio.</strong></span> 
     </span>
    </p>

    <p class='ocr_par' dir='ltr' id='par_1_3' title="bbox 176 704 1315 1008">
     <span class='ocr_line' id='line_1_3' title="bbox 176 704 1240 794; baseline -0.008 -22"><span class='ocrx_word' id='word_1_14' title='bbox 176 749 179 758; x_wconf 57' lang='grc' dir='ltr'><strong><em>ι</em></strong></span> <span class='ocrx_word' id='word_1_15' title='bbox 211 712 296 772; x_wconf 90' lang='lat' dir='ltr'><strong>ribus</strong></span> <span class='ocrx_word' id='word_1_16' title='bbox 315 711 470 770; x_wconf 86' lang='lat' dir='ltr'><strong>inventam</strong></span> <span class='ocrx_word' id='word_1_17' title='bbox 488 729 571 770; x_wconf 88' lang='lat' dir='ltr'><strong>suam</strong></span> <span class='ocrx_word' id='word_1_18' title='bbox 592 727 717 768; x_wconf 86' lang='lat' dir='ltr'><strong>cernens</strong></span> <span class='ocrx_word' id='word_1_19' title='bbox 743 704 861 764; x_wconf 85' lang='lat' dir='ltr'><strong>modica</strong></span> <span class='ocrx_word' id='word_1_20' title='bbox 884 719 1006 784; x_wconf 85' lang='lat' dir='ltr'><strong>quoque</strong></span> <span class='ocrx_word' id='word_1_21' title='bbox 1026 713 1067 794; x_wconf 46' lang='lat' dir='ltr'><strong>‘et</strong></span> <span class='ocrx_word' id='word_1_22' title='bbox 1093 710 1240 786; x_wconf 83' lang='lat' dir='ltr'><strong>usurpata</strong></span> 
     </span>
     <span class='ocr_line' id='line_1_4' title="bbox 211 810 1241 896; baseline -0.009 -16"><span class='ocrx_word' id='word_1_23' title='bbox 211 829 301 880; x_wconf 86' lang='lat' dir='ltr'><strong>antea</strong></span> <span class='ocrx_word' id='word_1_24' title='bbox 321 815 424 878; x_wconf 87' lang='lat' dir='ltr'><strong>munia</strong></span> <span class='ocrx_word' id='word_1_25' title='bbox 447 816 562 896; x_wconf 89' lang='lat' dir='ltr'><strong>imperii</strong></span> <span class='ocrx_word' id='word_1_26' title='bbox 583 812 763 888; x_wconf 89' lang='lat' dir='ltr'><strong>omittebat,</strong></span> <span class='ocrx_word' id='word_1_27' title='bbox 795 811 992 892; x_wconf 60' lang='lat' dir='ltr'><strong>simplicitatis</strong></span> <span class='ocrx_word' id='word_1_28' title='bbox 1013 829 1047 868; x_wconf 87' lang='lat' dir='ltr'><strong>ac</strong></span> <span class='ocrx_word' id='word_1_29' title='bbox 1076 810 1241 872; x_wconf 74' lang='lat' dir='ltr'>modestiae</span> 
     </span>
     <span class='ocr_line' id='line_1_5' title="bbox 211 916 1315 1008; baseline -0.01 -20"><span class='ocrx_word' id='word_1_30' title='bbox 211 927 344 1008; x_wconf 78' lang='lat' dir='ltr'>imagine</span> <span class='ocrx_word' id='word_1_31' title='bbox 363 924 394 986; x_wconf 90' lang='lat' dir='ltr'><strong>iu</strong></span> <span class='ocrx_word' id='word_1_32' title='bbox 416 923 610 984; x_wconf 78' lang='lat' dir='ltr'><strong>altitudinem</strong></span> <span class='ocrx_word' id='word_1_33' title='bbox 631 917 791 994; x_wconf 88' lang='lat' dir='ltr'><strong>conditus,</strong></span> <span class='ocrx_word' id='word_1_34' title='bbox 812 917 1005 998; x_wconf 72' lang='lat' dir='ltr'>studiumque</span> <span class='ocrx_word' id='word_1_35' title='bbox 1026 916 1192 978; x_wconf 83' lang='lat' dir='ltr'><strong>litterarum</strong></span> <span class='ocrx_word' id='word_1_36' title='bbox 1207 927 1241 978; x_wconf 86' lang='lat' dir='ltr'><strong>et</strong></span> <span class='ocrx_word' id='word_1_37' title='bbox 1308 934 1315 939; x_wconf 80' lang='grc'><em>·</em></span> 
     </span>
    </p>

    <p class='ocr_par' dir='ltr' id='par_1_4' title="bbox 110 1023 1342 1326">
     <span class='ocr_line' id='line_1_6' title="bbox 110 1023 1342 1115; baseline -0.006 -20"><span class='ocrx_word' id='word_1_38' title='bbox 110 1075 117 1080; x_wconf 92' lang='grc'>-</span> <span class='ocrx_word' id='word_1_39' title='bbox 213 1055 344 1094; x_wconf 80' lang='lat' dir='ltr'><strong>amorem</strong></span> <span class='ocrx_word' id='word_1_40' title='bbox 365 1035 535 1092; x_wconf 78' lang='lat' dir='ltr'>carminum</span> <span class='ocrx_word' id='word_1_41' title='bbox 558 1027 719 1100; x_wconf 75' lang='lat' dir='ltr'><strong>simulans,</strong></span> <span class='ocrx_word' id='word_1_42' title='bbox 742 1047 804 1107; x_wconf 89' lang='lat' dir='ltr'><strong>quo</strong></span> <span class='ocrx_word' id='word_1_43' title='bbox 824 1025 1097 1115; x_wconf 79' lang='lat' dir='ltr'><strong>relaret‘animum</strong></span> <span class='ocrx_word' id='word_1_44' title='bbox 1120 1033 1158 1084; x_wconf 69' lang='lat' dir='ltr'><strong>‘et</strong></span> <span class='ocrx_word' id='word_1_45' title='bbox 1178 1023 1270 1089; x_wconf 84' lang='lat' dir='ltr'><strong>fre-5</strong></span> <span class='ocrx_word' id='word_1_46' title='bbox 1339 1089 1342 1099; x_wconf 75' lang='grc'>,</span> 
     </span>
     <span class='ocr_line' id='line_1_7' title="bbox 212 1131 1242 1214; baseline -0.006 -16"><span class='ocrx_word' id='word_1_47' title='bbox 212 1141 271 1200; x_wconf 88' lang='lat' dir='ltr'><strong>tris</strong></span> <span class='ocrx_word' id='word_1_48' title='bbox 290 1137 483 1200; x_wconf 75' lang='lat' dir='ltr'><strong>aemulationi</strong></span> <span class='ocrx_word' id='word_1_49' title='bbox 504 1135 736 1211; x_wconf 79' lang='lat' dir='ltr'><strong>subduceretur,</strong></span> <span class='ocrx_word' id='word_1_50' title='bbox 756 1134 843 1192; x_wconf 89' lang='lat' dir='ltr'><strong>euius</strong></span> <span class='ocrx_word' id='word_1_51' title='bbox 863 1131 1017 1214; x_wconf 84' lang='lat' dir='ltr'><strong>disparem</strong></span> <span class='ocrx_word' id='word_1_52' title='bbox 1031 1131 1242 1212; x_wconf 77' lang='lat' dir='ltr'><strong>mitioremque</strong></span> 
     </span>
     <span class='ocr_line' id='line_1_8' title="bbox 214 1241 774 1326; baseline -0.011 -20"><span class='ocrx_word' id='word_1_53' title='bbox 214 1257 356 1308; x_wconf 84' lang='lat' dir='ltr'><strong>naturam</strong></span> <span class='ocrx_word' id='word_1_54' title='bbox 375 1257 485 1308; x_wconf 84' lang='lat' dir='ltr'><strong>contra</strong></span> <span class='ocrx_word' id='word_1_55' title='bbox 503 1241 774 1326; x_wconf 80' lang='lat' dir='ltr'><strong>interpretabatur.</strong></span> 
     </span>
    </p>
   </div>
   <div class='ocr_carea' id='block_1_3' title="bbox 550 1525 905 1626">
    <p class='ocr_par' dir='ltr' id='par_1_5' title="bbox 550 1525 905 1626">
     <span class='ocr_line' id='line_1_9' title="bbox 550 1525 905 1626; baseline -0.014 -34"><span class='ocrx_word' id='word_1_56' title='bbox 550 1531 674 1594; x_wconf 85' lang='lat' dir='ltr'>LIBER</span> <span class='ocrx_word' id='word_1_57' title='bbox 706 1525 905 1626; x_wconf 82' lang='lat' dir='ltr'><strong>QUINTUS.</strong></span> 
     </span>
    </p>
   </div>
   <div class='ocr_carea' id='block_1_4' title="bbox 215 1689 1344 2160">
    <p class='ocr_par' dir='ltr' id='par_1_6' title="bbox 215 1689 1344 2160">
     <span class='ocr_line' id='line_1_10' title="bbox 287 1689 1344 1762; baseline -0.009 -12"><span class='ocrx_word' id='word_1_58' title='bbox 287 1697 470 1754; x_wconf 77' lang='lat' dir='ltr'><strong>Breviorinm.</strong></span> <span class='ocrx_word' id='word_1_59' title='bbox 508 1695 566 1747; x_wconf 85' lang='lat' dir='ltr'><strong>Titi</strong></span> <span class='ocrx_word' id='word_1_60' title='bbox 598 1695 627 1744; x_wconf 90' lang='lat' dir='ltr'><strong>in</strong></span> <span class='ocrx_word' id='word_1_61' title='bbox 652 1693 767 1746; x_wconf 82' lang='lat' dir='ltr'><strong>ludaeos</strong></span> <span class='ocrx_word' id='word_1_62' title='bbox 795 1691 944 1762; x_wconf 83' lang='lat' dir='ltr'><strong>urbemque</strong></span> <span class='ocrx_word' id='word_1_63' title='bbox 972 1707 1072 1743; x_wconf 86' lang='lat' dir='ltr'><strong>sacram</strong></span> <span class='ocrx_word' id='word_1_64' title='bbox 1099 1689 1242 1762; x_wconf 82' lang='lat' dir='ltr'><strong>expeditio.</strong></span> <span class='ocrx_word' id='word_1_65' title='bbox 1342 1705 1344 1713; x_wconf 63' lang='lat'><strong><em>⁴</em></strong></span> 
     </span>
     <span class='ocr_line' id='line_1_11' title="bbox 216 1785 1247 1858; baseline -0.001 -20"><span class='ocrx_word' id='word_1_66' title='bbox 216 1788 253 1838; x_wconf 85' lang='lat' dir='ltr'><strong>Ea</strong></span> <span class='ocrx_word' id='word_1_67' title='bbox 274 1789 415 1840; x_wconf 72' lang='lat' dir='ltr'><strong>occasione</strong></span> <span class='ocrx_word' id='word_1_68' title='bbox 431 1787 464 1838; x_wconf 87' lang='lat' dir='ltr'><strong>de</strong></span> <span class='ocrx_word' id='word_1_69' title='bbox 481 1788 571 1854; x_wconf 86' lang='lat' dir='ltr'><strong>gentis</strong></span> <span class='ocrx_word' id='word_1_70' title='bbox 589 1785 692 1856; x_wconf 77' lang='lat' dir='ltr'><strong>origiue</strong></span> <span class='ocrx_word' id='word_1_71' title='bbox 709 1786 831 1838; x_wconf 88' lang='lat' dir='ltr'><strong>moribus</strong></span> <span class='ocrx_word' id='word_1_72' title='bbox 849 1785 1000 1854; x_wconf 81' lang='lat' dir='ltr'><strong>religione,</strong></span> <span class='ocrx_word' id='word_1_73' title='bbox 1019 1785 1148 1858; x_wconf 84' lang='lat' dir='ltr'><strong>urbisque</strong></span> <span class='ocrx_word' id='word_1_74' title='bbox 1158 1785 1247 1856; x_wconf 81' lang='lat' dir='ltr'><strong>ipsius</strong></span> 
     </span>
     <span class='ocr_line' id='line_1_12' title="bbox 216 1873 1246 1958; baseline -0.005 -21"><span class='ocrx_word' id='word_1_75' title='bbox 216 1899 298 1952; x_wconf 86' lang='lat' dir='ltr'><strong>opere</strong></span> <span class='ocrx_word' id='word_1_76' title='bbox 320 1888 347 1941; x_wconf 83' lang='lat' dir='ltr'><strong>et</strong></span> <span class='ocrx_word' id='word_1_77' title='bbox 365 1883 420 1935; x_wconf 89' lang='lat' dir='ltr'><strong>situ</strong></span> <span class='ocrx_word' id='word_1_78' title='bbox 437 1885 589 1958; x_wconf 64' lang='lat' dir='ltr'><strong>aceurmjus</strong></span> <span class='ocrx_word' id='word_1_79' title='bbox 606 1889 634 1932; x_wconf 86' lang='lat' dir='ltr'><strong>et</strong></span> <span class='ocrx_word' id='word_1_80' title='bbox 651 1881 763 1934; x_wconf 87' lang='lat' dir='ltr'><strong>uberius</strong></span> <span class='ocrx_word' id='word_1_81' title='bbox 784 1881 893 1934; x_wconf 85' lang='lat' dir='ltr'><strong>dictum.</strong></span> <span class='ocrx_word' id='word_1_82' title='bbox 930 1879 1085 1932; x_wconf 82' lang='lat' dir='ltr'><strong>Germanici</strong></span> <span class='ocrx_word' id='word_1_83' title='bbox 1103 1873 1171 1932; x_wconf 83' lang='lat' dir='ltr'><strong>belli</strong></span> <span class='ocrx_word' id='word_1_84' title='bbox 1183 1897 1246 1952; x_wconf 85' lang='lat' dir='ltr'><strong>pre-</strong></span> 
     </span>
     <span class='ocr_line' id='line_1_13' title="bbox 216 1973 1244 2060; baseline -0.005 -28"><span class='ocrx_word' id='word_1_85' title='bbox 216 1995 328 2060; x_wconf 71' lang='lat' dir='ltr'><strong>granpr,</strong></span> <span class='ocrx_word' id='word_1_86' title='bbox 365 1979 467 2032; x_wconf 85' lang='lat' dir='ltr'><strong>Praelia</strong></span> <span class='ocrx_word' id='word_1_87' title='bbox 483 1979 590 2049; x_wconf 79' lang='lat' dir='ltr'><strong>aliquot</strong></span> <span class='ocrx_word' id='word_1_88' title='bbox 607 1977 678 2030; x_wconf 89' lang='lat' dir='ltr'><strong>inter</strong></span> <span class='ocrx_word' id='word_1_89' title='bbox 693 1979 809 2032; x_wconf 87' lang='lat' dir='ltr'><strong>Civilem</strong></span> <span class='ocrx_word' id='word_1_90' title='bbox 827 1985 855 2028; x_wconf 91' lang='lat' dir='ltr'><strong>et</strong></span> <span class='ocrx_word' id='word_1_91' title='bbox 870 1976 1022 2042; x_wconf 64' lang='lat' dir='ltr'><strong>Cerialem</strong></span> <span class='ocrx_word' id='word_1_92' title='bbox 1041 1990 1111 2046; x_wconf 86' lang='lat' dir='ltr'><strong>quae</strong></span> <span class='ocrx_word' id='word_1_93' title='bbox 1125 1973 1244 2046; x_wconf 80' lang='lat' dir='ltr'><strong>denique</strong></span> 
     </span>
     <span class='ocr_line' id='line_1_14' title="bbox 215 2069 1004 2160; baseline 0.001 -36"><span class='ocrx_word' id='word_1_94' title='bbox 215 2089 267 2142; x_wconf 78' lang='lat' dir='ltr'><strong>pax</strong></span> <span class='ocrx_word' id='word_1_95' title='bbox 288 2073 343 2142; x_wconf 85' lang='lat' dir='ltr'><strong>(ita</strong></span> <span class='ocrx_word' id='word_1_96' title='bbox 358 2079 471 2152; x_wconf 86' lang='lat' dir='ltr'><strong>apparet</strong></span> <span class='ocrx_word' id='word_1_97' title='bbox 487 2089 521 2160; x_wconf 60' lang='lat' dir='ltr'><strong>en</strong></span> <span class='ocrx_word' id='word_1_98' title='bbox 537 2075 592 2132; x_wconf 79' lang='lat' dir='ltr'><strong>fine</strong></span> <span class='ocrx_word' id='word_1_99' title='bbox 612 2073 770 2126; x_wconf 80' lang='lat' dir='ltr'><strong>admutilati</strong></span> <span class='ocrx_word' id='word_1_100' title='bbox 790 2069 868 2136; x_wconf 80' lang='lat' dir='ltr'><strong>libri)</strong></span> <span class='ocrx_word' id='word_1_101' title='bbox 889 2071 1004 2140; x_wconf 79' lang='lat' dir='ltr'><strong>excepit.</strong></span> 
     </span>
    </p>
   </div>
   <div class='ocr_carea' id='block_1_5' title="bbox 85 2316 1328 3722">
    <p class='ocr_par' dir='ltr' id='par_1_7' title="bbox 194 2316 1248 2432">
     <span class='ocr_line' id='line_1_15' title="bbox 194 2316 1248 2432; baseline 0 -24"><span class='ocrx_word' id='word_1_102' title='bbox 194 2316 374 2418; x_wconf 22' lang='lat' dir='ltr'><strong>&lt;Eiusdem</strong></span> <span class='ocrx_word' id='word_1_103' title='bbox 396 2350 466 2410; x_wconf 92' lang='lat' dir='ltr'><strong>anni</strong></span> <span class='ocrx_word' id='word_1_104' title='bbox 482 2349 631 2432; x_wconf 85' lang='lat' dir='ltr'><strong>principio</strong></span> <span class='ocrx_word' id='word_1_105' title='bbox 644 2351 753 2411; x_wconf 83' lang='lat' dir='ltr'><strong>Caesar</strong></span> <span class='ocrx_word' id='word_1_106' title='bbox 763 2351 860 2426; x_wconf 87' lang='lat' dir='ltr'><strong>Titus,</strong></span> <span class='ocrx_word' id='word_1_107' title='bbox 880 2347 1106 2430; x_wconf 87' lang='lat' dir='ltr'><strong>perdomandae</strong></span> <span class='ocrx_word' id='word_1_108' title='bbox 1117 2347 1248 2409; x_wconf 84' lang='lat' dir='ltr'><strong>Iudaeae</strong></span> 
     </span>
    </p>

    <p class='ocr_par' dir='ltr' id='par_1_8' title="bbox 85 2451 1328 3722">
     <span class='ocr_line' id='line_1_16' title="bbox 85 2451 1245 2539; baseline -0.004 -20"><span class='ocrx_word' id='word_1_109' title='bbox 85 2478 90 2496; x_wconf 81' lang='lat'><strong>·</strong></span> <span class='ocrx_word' id='word_1_110' title='bbox 197 2529 198 2537; x_wconf 9' lang='grc' dir='ltr'>χ</span> <span class='ocrx_word' id='word_1_111' title='bbox 217 2457 350 2519; x_wconf 91' lang='lat' dir='ltr'><strong>delectus</strong></span> <span class='ocrx_word' id='word_1_112' title='bbox 369 2480 386 2518; x_wconf 87' lang='lat' dir='ltr'><strong>a</strong></span> <span class='ocrx_word' id='word_1_113' title='bbox 408 2451 494 2539; x_wconf 80' lang='lat' dir='ltr'><strong>patre</strong></span> <span class='ocrx_word' id='word_1_114' title='bbox 515 2467 546 2516; x_wconf 88' lang='lat' dir='ltr'><strong>et</strong></span> <span class='ocrx_word' id='word_1_115' title='bbox 567 2456 694 2538; x_wconf 86' lang='lat' dir='ltr'><strong>privatis</strong></span> <span class='ocrx_word' id='word_1_116' title='bbox 715 2458 872 2538; x_wconf 88' lang='lat' dir='ltr'><strong>utriusque</strong></span> <span class='ocrx_word' id='word_1_117' title='bbox 894 2455 987 2516; x_wconf 90' lang='lat' dir='ltr'><strong>rebus</strong></span> <span class='ocrx_word' id='word_1_118' title='bbox 1008 2453 1114 2516; x_wconf 89' lang='lat' dir='ltr'><strong>militia</strong></span> <span class='ocrx_word' id='word_1_119' title='bbox 1138 2455 1245 2532; x_wconf 82' lang='lat' dir='ltr'><strong>clarus,</strong></span> 
     </span>
     <span class='ocr_line' id='line_1_17' title="bbox 218 2561 1248 2646; baseline -0.004 -21"><span class='ocrx_word' id='word_1_120' title='bbox 218 2569 334 2626; x_wconf 80' lang='lat' dir='ltr'><strong>maiore</strong></span> <span class='ocrx_word' id='word_1_121' title='bbox 356 2575 420 2622; x_wconf 91' lang='lat' dir='ltr'><strong>tum</strong></span> <span class='ocrx_word' id='word_1_122' title='bbox 440 2563 472 2624; x_wconf 90' lang='lat' dir='ltr'><strong>vi</strong></span> <span class='ocrx_word' id='word_1_123' title='bbox 497 2563 632 2646; x_wconf 80' lang='lat' dir='ltr'><strong>famaque</strong></span> <span class='ocrx_word' id='word_1_124' title='bbox 658 2565 780 2646; x_wconf 84' lang='lat' dir='ltr'><strong>agebat,</strong></span> <span class='ocrx_word' id='word_1_125' title='bbox 805 2565 990 2624; x_wconf 84' lang='lat' dir='ltr'><strong>certantibus</strong></span> <span class='ocrx_word' id='word_1_126' title='bbox 1021 2561 1248 2646; x_wconf 83' lang='lat' dir='ltr'><strong>provinciarum</strong></span> 
     </span>
     <span class='ocr_line' id='line_1_18' title="bbox 217 2659 1256 2752; baseline 0.001 -21"><span class='ocrx_word' id='word_1_127' title='bbox 217 2683 247 2731; x_wconf 89' lang='lat' dir='ltr'><strong>et</strong></span> <span class='ocrx_word' id='word_1_128' title='bbox 270 2668 454 2740; x_wconf 83' lang='lat' dir='ltr'><strong>exercituum</strong></span> <span class='ocrx_word' id='word_1_129' title='bbox 476 2669 592 2730; x_wconf 90' lang='lat' dir='ltr'><strong>studiis.</strong></span> <span class='ocrx_word' id='word_1_130' title='bbox 635 2673 734 2752; x_wconf 81' lang='lat' dir='ltr'><strong>Atque</strong></span> <span class='ocrx_word' id='word_1_131' title='bbox 748 2671 822 2750; x_wconf 89' lang='lat' dir='ltr'><strong>ipse,</strong></span> <span class='ocrx_word' id='word_1_132' title='bbox 845 2679 879 2730; x_wconf 90' lang='lat' dir='ltr'><strong>nt</strong></span> <span class='ocrx_word' id='word_1_133' title='bbox 900 2691 990 2752; x_wconf 86' lang='lat' dir='ltr'><strong>super</strong></span> <span class='ocrx_word' id='word_1_134' title='bbox 1011 2671 1163 2732; x_wconf 87' lang='lat' dir='ltr'><strong>fortunam</strong></span> <span class='ocrx_word' id='word_1_135' title='bbox 1180 2659 1256 2732; x_wconf 80' lang='lat' dir='ltr'><strong>ere·¹</strong></span> 
     </span>
     <span class='ocr_line' id='line_1_19' title="bbox 203 2773 1282 2861; baseline -0.002 -21"><span class='ocrx_word' id='word_1_136' title='bbox 203 2777 362 2853; x_wconf 82' lang='lat' dir='ltr'><strong>deretur,</strong></span> <span class='ocrx_word' id='word_1_137' title='bbox 383 2777 524 2836; x_wconf 83' lang='lat' dir='ltr'><strong>decorum</strong></span> <span class='ocrx_word' id='word_1_138' title='bbox 547 2800 578 2839; x_wconf 91' lang='lat' dir='ltr'><strong>se</strong></span> <span class='ocrx_word' id='word_1_139' title='bbox 607 2773 843 2861; x_wconf 86' lang='lat' dir='ltr'><strong>promptumque</strong></span> <span class='ocrx_word' id='word_1_140' title='bbox 874 2779 906 2838; x_wconf 89' lang='lat' dir='ltr'><strong>iu</strong></span> <span class='ocrx_word' id='word_1_141' title='bbox 935 2779 1026 2840; x_wconf 86' lang='lat' dir='ltr'><strong>armis</strong></span> <span class='ocrx_word' id='word_1_142' title='bbox 1055 2780 1282 2856; x_wconf 80' lang='lat' dir='ltr'><strong>ostendebat,5</strong></span> 
     </span>
     <span class='ocr_line' id='line_1_20' title="bbox 219 2885 1249 2970; baseline 0.001 -25"><span class='ocrx_word' id='word_1_143' title='bbox 219 2885 360 2945; x_wconf 86' lang='lat' dir='ltr'><strong>comitate</strong></span> <span class='ocrx_word' id='word_1_144' title='bbox 383 2893 413 2942; x_wconf 88' lang='lat' dir='ltr'><strong>et</strong></span> <span class='ocrx_word' id='word_1_145' title='bbox 433 2885 582 2966; x_wconf 84' lang='lat' dir='ltr'><strong>adloquiis</strong></span> <span class='ocrx_word' id='word_1_146' title='bbox 605 2885 702 2946; x_wconf 90' lang='lat' dir='ltr'><strong>officia</strong></span> <span class='ocrx_word' id='word_1_147' title='bbox 725 2907 908 2966; x_wconf 86' lang='lat' dir='ltr'><strong>provocans,</strong></span> <span class='ocrx_word' id='word_1_148' title='bbox 941 2909 977 2948; x_wconf 87' lang='lat' dir='ltr'><strong>ae</strong></span> <span class='ocrx_word' id='word_1_149' title='bbox 1007 2885 1188 2970; x_wconf 86' lang='lat' dir='ltr'><strong>plerumque</strong></span> <span class='ocrx_word' id='word_1_150' title='bbox 1217 2888 1249 2946; x_wconf 94' lang='lat' dir='ltr'><strong>iu</strong></span> 
     </span>
     <span class='ocr_line' id='line_1_21' title="bbox 220 2990 1250 3076; baseline 0.002 -26"><span class='ocrx_word' id='word_1_151' title='bbox 220 3011 327 3072; x_wconf 82' lang='lat' dir='ltr'><strong>opere,</strong></span> <span class='ocrx_word' id='word_1_152' title='bbox 350 2991 381 3049; x_wconf 91' lang='lat' dir='ltr'><strong>in</strong></span> <span class='ocrx_word' id='word_1_153' title='bbox 404 2991 523 3072; x_wconf 75' lang='lat' dir='ltr'><strong>agmine</strong></span> <span class='ocrx_word' id='word_1_154' title='bbox 544 2993 684 3072; x_wconf 76' lang='lat' dir='ltr'><strong>gregario</strong></span> <span class='ocrx_word' id='word_1_155' title='bbox 705 2990 793 3052; x_wconf 90' lang='lat' dir='ltr'><strong>militi</strong></span> <span class='ocrx_word' id='word_1_156' title='bbox 817 2995 942 3068; x_wconf 86' lang='lat' dir='ltr'><strong>mixtus,</strong></span> <span class='ocrx_word' id='word_1_157' title='bbox 967 2997 1143 3076; x_wconf 86' lang='lat' dir='ltr'><strong>incorrupto</strong></span> <span class='ocrx_word' id='word_1_158' title='bbox 1165 2991 1250 3054; x_wconf 88' lang='lat' dir='ltr'><strong>ducis</strong></span> 
     </span>
     <span class='ocr_line' id='line_1_22' title="bbox 220 3095 1249 3183; baseline 0.002 -26"><span class='ocrx_word' id='word_1_159' title='bbox 220 3097 345 3157; x_wconf 87' lang='lat' dir='ltr'><strong>honore.</strong></span> <span class='ocrx_word' id='word_1_160' title='bbox 387 3095 464 3156; x_wconf 88' lang='lat' dir='ltr'><strong>Tres</strong></span> <span class='ocrx_word' id='word_1_161' title='bbox 487 3119 555 3157; x_wconf 90' lang='lat' dir='ltr'><strong>eum</strong></span> <span class='ocrx_word' id='word_1_162' title='bbox 578 3098 609 3155; x_wconf 89' lang='lat' dir='ltr'><strong>in</strong></span> <span class='ocrx_word' id='word_1_163' title='bbox 634 3099 746 3159; x_wconf 86' lang='lat' dir='ltr'><strong>Iudaea</strong></span> <span class='ocrx_word' id='word_1_164' title='bbox 769 3099 917 3182; x_wconf 84' lang='lat' dir='ltr'><strong>legiones,</strong></span> <span class='ocrx_word' id='word_1_165' title='bbox 940 3097 1048 3183; x_wconf 84' lang='lat' dir='ltr'><strong>quinta</strong></span> <span class='ocrx_word' id='word_1_166' title='bbox 1071 3113 1101 3162; x_wconf 92' lang='lat' dir='ltr'><strong>et</strong></span> <span class='ocrx_word' id='word_1_167' title='bbox 1122 3099 1249 3161; x_wconf 87' lang='lat' dir='ltr'><strong>decuma</strong></span> 
     </span>
     <span class='ocr_line' id='line_1_23' title="bbox 221 3200 1250 3286; baseline 0.004 -24"><span class='ocrx_word' id='word_1_168' title='bbox 221 3213 252 3262; x_wconf 93' lang='lat' dir='ltr'><strong>et</strong></span> <span class='ocrx_word' id='word_1_169' title='bbox 271 3201 379 3284; x_wconf 84' lang='lat' dir='ltr'><strong>quinta</strong></span> <span class='ocrx_word' id='word_1_170' title='bbox 399 3200 547 3273; x_wconf 87' lang='lat' dir='ltr'><strong>decuma,</strong></span> <span class='ocrx_word' id='word_1_171' title='bbox 570 3213 656 3262; x_wconf 86' lang='lat' dir='ltr'><strong>vetus</strong></span> <span class='ocrx_word' id='word_1_172' title='bbox 676 3203 852 3286; x_wconf 83' lang='lat' dir='ltr'><strong>Vespasiani</strong></span> <span class='ocrx_word' id='word_1_173' title='bbox 874 3203 968 3282; x_wconf 90' lang='lat' dir='ltr'><strong>miles,</strong></span> <span class='ocrx_word' id='word_1_174' title='bbox 993 3226 1143 3286; x_wconf 80' lang='lat' dir='ltr'><strong>excepere.</strong></span> <span class='ocrx_word' id='word_1_175' title='bbox 1186 3205 1250 3268; x_wconf 89' lang='lat' dir='ltr'><strong>Ad-</strong></span> 
     </span>
     <span class='ocr_line' id='line_1_24' title="bbox 223 3305 1328 3390; baseline 0.004 -22"><span class='ocrx_word' id='word_1_176' title='bbox 223 3305 300 3368; x_wconf 89' lang='lat' dir='ltr'><strong>didit</strong></span> <span class='ocrx_word' id='word_1_177' title='bbox 321 3329 338 3369; x_wconf 89' lang='lat' dir='ltr'><strong>e</strong></span> <span class='ocrx_word' id='word_1_178' title='bbox 358 3307 448 3390; x_wconf 88' lang='lat' dir='ltr'><strong>Syria</strong></span> <span class='ocrx_word' id='word_1_179' title='bbox 466 3308 685 3368; x_wconf 88' lang='lat' dir='ltr'><strong>duodecumam</strong></span> <span class='ocrx_word' id='word_1_180' title='bbox 709 3319 737 3370; x_wconf 88' lang='lat' dir='ltr'><strong>et</strong></span> <span class='ocrx_word' id='word_1_181' title='bbox 761 3313 909 3373; x_wconf 90' lang='lat' dir='ltr'><strong>abductos</strong></span> <span class='ocrx_word' id='word_1_182' title='bbox 932 3311 1113 3372; x_wconf 83' lang='lat' dir='ltr'><strong>Alexandria</strong></span> <span class='ocrx_word' id='word_1_183' title='bbox 1142 3313 1246 3374; x_wconf 91' lang='lat' dir='ltr'><strong>duoet·</strong></span> <span class='ocrx_word' id='word_1_184' title='bbox 1268 3330 1328 3372; x_wconf 90' lang='lat' dir='ltr'><strong>to·</strong></span> 
     </span>
     <span class='ocr_line' id='line_1_25' title="bbox 224 3409 1251 3506; baseline 0.01 -34"><span class='ocrx_word' id='word_1_185' title='bbox 224 3416 422 3476; x_wconf 86' lang='lat' dir='ltr'><strong>vicesimanos</strong></span> <span class='ocrx_word' id='word_1_186' title='bbox 444 3417 656 3497; x_wconf 73' lang='lat' dir='ltr'><strong>tertianosque&#39;.</strong></span> <span class='ocrx_word' id='word_1_187' title='bbox 701 3409 928 3481; x_wconf 85' lang='lat' dir='ltr'><strong>Comitabautur</strong></span> <span class='ocrx_word' id='word_1_188' title='bbox 949 3421 1056 3506; x_wconf 75' lang='lat' dir='ltr'><strong>viginti</strong></span> <span class='ocrx_word' id='word_1_189' title='bbox 1083 3423 1179 3482; x_wconf 82' lang='lat' dir='ltr'><strong>sociae</strong></span> <span class='ocrx_word' id='word_1_190' title='bbox 1200 3442 1251 3482; x_wconf 90' lang='lat' dir='ltr'><strong>co·</strong></span> 
     </span>
     <span class='ocr_line' id='line_1_26' title="bbox 225 3503 1253 3613; baseline 0.01 -35"><span class='ocrx_word' id='word_1_191' title='bbox 225 3519 349 3600; x_wconf 86' lang='lat' dir='ltr'><strong>bortes,</strong></span> <span class='ocrx_word' id='word_1_192' title='bbox 384 3535 452 3584; x_wconf 91' lang='lat' dir='ltr'><strong>octo</strong></span> <span class='ocrx_word' id='word_1_193' title='bbox 479 3525 614 3605; x_wconf 89' lang='lat' dir='ltr'><strong>equitum</strong></span> <span class='ocrx_word' id='word_1_194' title='bbox 643 3525 727 3601; x_wconf 88' lang='lat' dir='ltr'><strong>alae,</strong></span> <span class='ocrx_word' id='word_1_195' title='bbox 761 3530 849 3588; x_wconf 89' lang='lat' dir='ltr'><strong>simul</strong></span> <span class='ocrx_word' id='word_1_196' title='bbox 872 3503 1007 3613; x_wconf 79' lang='lat' dir='ltr'><strong>Agrippa</strong></span> <span class='ocrx_word' id='word_1_197' title='bbox 1029 3526 1253 3611; x_wconf 87' lang='lat' dir='ltr'><strong>Sohaemusque</strong></span> 
     </span>
     <span class='ocr_line' id='line_1_27' title="bbox 225 3631 1252 3722; baseline 0.012 -37"><span class='ocrx_word' id='word_1_198' title='bbox 225 3647 331 3708; x_wconf 81' lang='lat' dir='ltr'><strong>reges,</strong></span> <span class='ocrx_word' id='word_1_199' title='bbox 351 3639 383 3690; x_wconf 91' lang='lat' dir='ltr'><strong>et</strong></span> <span class='ocrx_word' id='word_1_200' title='bbox 403 3631 513 3692; x_wconf 82' lang='lat' dir='ltr'><strong>auxilia</strong></span> <span class='ocrx_word' id='word_1_201' title='bbox 535 3636 611 3715; x_wconf 80' lang='lat' dir='ltr'><strong>regis</strong></span> <span class='ocrx_word' id='word_1_202' title='bbox 634 3635 792 3714; x_wconf 88' lang='lat' dir='ltr'><strong>Antiochi,</strong></span> <span class='ocrx_word' id='word_1_203' title='bbox 823 3636 985 3722; x_wconf 86' lang='lat' dir='ltr'><strong>validaque</strong></span> <span class='ocrx_word' id='word_1_204' title='bbox 1012 3647 1043 3700; x_wconf 87' lang='lat' dir='ltr'><strong>et</strong></span> <span class='ocrx_word' id='word_1_205' title='bbox 1064 3639 1152 3700; x_wconf 91' lang='lat' dir='ltr'><strong>solito</strong></span> <span class='ocrx_word' id='word_1_206' title='bbox 1173 3641 1252 3698; x_wconf 83' lang='lat' dir='ltr'><strong>inter</strong></span> 
     </span>
    </p>
   </div>
   <div class='ocr_carea' id='block_1_6' title="bbox 234 3763 481 3777">
    <p class='ocr_par' dir='ltr' id='par_1_9' title="bbox 234 3763 481 3777">
     <span class='ocr_line' id='line_1_28' title="bbox 234 3763 481 3777; baseline 0.004 -1"><span class='ocrx_word' id='word_1_207' title='bbox 234 3763 481 3777; x_wconf 55' lang='lat' dir='ltr'><strong>m</strong></span> 
     </span>
    </p>
   </div>
   <div class='ocr_carea' id='block_1_7' title="bbox 197 3809 1173 4078">
    <p class='ocr_par' dir='ltr' id='par_1_10' title="bbox 197 3809 1173 4078">
     <span class='ocr_line' id='line_1_29' title="bbox 314 3809 588 3872; baseline 0.029 -8"><span class='ocrx_word' id='word_1_208' title='bbox 314 3815 338 3864; x_wconf 77' lang='lat'><strong>3.</strong></span> <span class='ocrx_word' id='word_1_209' title='bbox 360 3827 424 3867; x_wconf 82' lang='lat' dir='ltr'><strong>ants</strong></span> <span class='ocrx_word' id='word_1_210' title='bbox 443 3833 477 3871; x_wconf 83' lang='lat' dir='ltr'><strong>ee</strong></span> <span class='ocrx_word' id='word_1_211' title='bbox 494 3809 588 3872; x_wconf 78' lang='lat' dir='ltr'><strong>ABld³.</strong></span> 
     </span>
     <span class='ocr_line' id='line_1_30' title="bbox 318 3909 1089 3986; baseline 0.01 -27"><span class='ocrx_word' id='word_1_212' title='bbox 318 3925 342 3961; x_wconf 86' lang='lat' dir='ltr'><strong>a.</strong></span> <span class='ocrx_word' id='word_1_213' title='bbox 359 3911 476 3977; x_wconf 81' lang='lat' dir='ltr'><strong>privatis</strong></span> <span class='ocrx_word' id='word_1_214' title='bbox 498 3912 654 3970; x_wconf 80' lang='lat' dir='ltr'><strong>Rhenanus:</strong></span> <span class='ocrx_word' id='word_1_215' title='bbox 676 3909 719 3966; x_wconf 83' lang='lat' dir='ltr'><strong>llla</strong></span> <span class='ocrx_word' id='word_1_216' title='bbox 740 3913 890 3981; x_wconf 82' lang='lat' dir='ltr'><strong>praelatis,</strong></span> <span class='ocrx_word' id='word_1_217' title='bbox 908 3917 954 3966; x_wconf 91' lang='lat' dir='ltr'><strong>alii</strong></span> <span class='ocrx_word' id='word_1_218' title='bbox 974 3917 1089 3986; x_wconf 78' lang='lat' dir='ltr'><strong>prelatis</strong></span> 
     </span>
     <span class='ocr_line' id='line_1_31' title="bbox 197 4003 1173 4078; baseline 0.008 -26"><span class='ocrx_word' id='word_1_219' title='bbox 197 4045 201 4062; x_wconf 83' lang='grc'><em>,</em></span> <span class='ocrx_word' id='word_1_220' title='bbox 316 4003 343 4070; x_wconf 64' lang='lat' dir='ltr'><strong>A.</strong></span> <span class='ocrx_word' id='word_1_221' title='bbox 365 4006 599 4077; x_wconf 78' lang='lat' dir='ltr'><strong>super-fortunam</strong></span> <span class='ocrx_word' id='word_1_222' title='bbox 619 4007 739 4074; x_wconf 79' lang='lat' dir='ltr'><strong>Lipsius:</strong></span> <span class='ocrx_word' id='word_1_223' title='bbox 756 4006 799 4058; x_wconf 79' lang='lat' dir='ltr'><strong>llla</strong></span> <span class='ocrx_word' id='word_1_224' title='bbox 819 4015 847 4058; x_wconf 88' lang='lat' dir='ltr'><strong>et</strong></span> <span class='ocrx_word' id='word_1_225' title='bbox 863 4007 885 4060; x_wconf 83' lang='lat' dir='ltr'>V</span> <span class='ocrx_word' id='word_1_226' title='bbox 903 4011 1040 4078; x_wconf 73' lang='lat' dir='ltr'><strong>sirperiori</strong></span> <span class='ocrx_word' id='word_1_227' title='bbox 1056 4027 1152 4064; x_wconf 77' lang='lat' dir='ltr'><strong>uuam.</strong></span> <span class='ocrx_word' id='word_1_228' title='bbox 1172 4037 1173 4042; x_wconf 65' lang='lat'>=</span> 
     </span>
    </p>
   </div>
   <div class='ocr_carea' id='block_1_8' title="bbox 0 0 1472 4726">
    <p class='ocr_par' dir='ltr' id='par_1_11' title="bbox 0 0 1472 4726">
     <span class='ocr_line' id='line_1_32' title="bbox 0 0 1472 4726; baseline 0 0"><span class='ocrx_word' id='word_1_229' title='bbox 0 0 1472 4726; x_wconf 95' lang='lat' dir='ltr'><strong> </strong></span> 
     </span>
    </p>
   </div>
  </div>
 </body>
</html>
