2914 4724
526 358 600 423 mn.
618 356 658 418 11.
682 353 774 448 can
796 353 891 422 4-8.
1223 351 1262 416 rr

226 517 345 600 untuu
364 537 482 602 servitii
502 539 661 602 necomitat
680 548 778 616 esset,
798 537 928 600 fremere
948 531 1032 596 miles
1053 541 1089 596 et·
1105 514 1264 595 vtr'csnm
1276 526 1303 598 (ι
1318 525 1348 582 ⁰·
1367 527 1424 597 ⁶9)

227 648 467 729 circumspicere:
510 645 631 728 Septem
644 631 783 730 ‘legiones
806 643 909 706 atatim
933 651 964 702 et
993 657 1064 700 cum
1089 637 1264 719 ingentibus

228 755 344 817 auxiliis
364 757 451 839 Syria
469 754 664 849 ludaeaqae3
687 754 760 816 iude
781 749 929 813 contiuua
949 751 1104 829 Aegyptus
1125 744 1266 826 duaeque
1377 815 1380 822 ¹

227 858 375 942 legiones,
396 863 470 924 hinc
491 863 685 946 Cappadocia
697 863 876 940 Pontusque
895 867 924 918 et
936 855 1080 939 quicquid
1096 863 1267 914 castrorum

200 966 379 1047 dhrmeuiia
398 969 619 1052 praetenditur.
663 967 733 1028 Asia
747 973 904 1024 etcetcrae
916 962 1092 1042 provinciae
1113 979 1169 1018 nec
1181 957 1266 1018 viro-

226 1095 295 1136 rum
317 1075 422 1157 inopes
459 1087 489 1137 et
520 1075 668 1156 pecuniae
694 1069 868 1152 opulentae.
911 1069 1066 1147 Quantum
1097 1065 1266 1127 insularum

226 1181 308 1243 mari
331 1183 486 1264 cingitur,
508 1194 538 1244 et
557 1181 696 1265 parando
714 1180 839 1240 interim
859 1177 941 1238 bello
962 1175 1127 1238 secundum
1147 1185 1266 1236 tutum.

195 1280 290 1370 uique
309 1292 408 1372 ipsum
438 1311 532 1352 mare.
575 1290 646 1350 Non
674 1286 798 1349 fallebat
829 1286 923 1347 duces
953 1286 1085 1367 impetus
1113 1282 1264 1345 militum:
1325 1359 1328 1372 .

228 1394 280 1455 scd
301 1395 487 1458 bellantibus
512 1395 577 1456 aliia
599 1395 716 1478 placuit
737 1393 904 1476 exspectari
925 1389 999 1454 helii
1019 1392 1144 1453 exitum.
1186 1391 1265 1454 Vic-

183 1511 307 1563 rotor-ee
329 1505 483 1588 victosque
493 1525 651 1586 nunquam
665 1503 762 1566 solida
778 1502 838 1563 lide
846 1501 1026 1564 coalescere
1070 1503 1130 1564 Nec
1141 1499 1265 1576 referre,

225 1607 383 1669 Vitellium
403 1630 441 1670 an
463 1610 618 1672 Othonem
639 1611 836 1692 superstitem
857 1609 984 1668 fortuna
1004 1607 1130 1671 luceret.
1163 1609 1266 1672 liebus
1292 1659 1334 1676 ..-

192 1789 209 1811 s
223 1711 364 1774 mcuudis
382 1716 472 1776 etiam
494 1719 629 1798 egregins
650 1717 742 1779 duces
763 1717 959 1778 insolescere:
992 1714 1175 1776 discordiam
1202 1713 1261 1788 hia,
1359 1756 1363 1766 ·

223 1819 374 1900 ignaviam
392 1821 540 1884 luxuriem
553 1844 563 1902 3
574 1905 576 1912 γ
588 1835 619 1885 et
639 1826 764 1885 suismet
785 1822 866 1884 vitiis
878 1823 1008 1884 alterum
1028 1821 1107 1882 bello
1130 1822 1263 1882 alterum

224 1927 351 1989 victoria
382 1933 562 2012 periturum.
604 1933 703 2016 igilur
722 1949 808 1992 arma
829 1931 862 1992 in
890 1930 1078 1992 mensionem
1106 1929 1259 2003 distulere,

156 2039 215 2100 ιι5
225 2033 429 2118 Vespasianus
449 2037 670 2120 Mucianusque
687 2055 805 2120 nuper,
833 2036 925 2098 caeci
946 2033 1020 2096 olim
1041 2031 1141 2094 mixtis
1162 2034 1264 2098 consi-

224 2139 293 2220 liis3
317 2139 452 2222 optimus
473 2143 599 2222 quisque
621 2163 726 2203 amore
746 2143 792 2204 rai
812 2141 974 2224 publicae:
996 2137 1110 2198 multos
1129 2138 1262 2200 dulcedo

226 2248 410 2330 praedarum
434 2245 630 2328 stimulabat,
651 2247 730 2308 alica
747 2249 909 2328 ambiguae
929 2246 1011 2306 domi
1031 2265 1090 2305 rea·
1129 2241 1175 2304 ltu
1190 2246 1261 2308 boni

227 2351 360 2443 malique
370 2349 467 2412 causis
476 2349 618 2428 diversis,
628 2351 731 2412 studio
740 2352 818 2433 pari,
838 2347 951 2412 bellam
965 2367 1073 2412 omnen
1087 2353 1257 2434 cupiebant.

190 2444 217 2524 8
308 2455 374 2518 Sub
391 2455 479 2520 idem
499 2467 617 2540 tempus
636 2455 753 2518 Achaia
784 2466 875 2538 atque
895 2457 968 2518 Asia
994 2456 1071 2518 falso
1099 2457 1263 2522 exterritae

175 2584 214 2627 ao
229 2564 312 2628 uelut
332 2565 415 2627 Nero
436 2565 634 2645 adventaret,
671 2567 755 2629 vario
784 2587 875 2648 super
907 2566 988 2627 exitu
1015 2567 1079 2628 eins
1112 2589 1257 2644 rumore,

223 2692 320 2758 eoque
351 2673 488 2756 pluribus
512 2675 631 2736 'vivere
667 2696 737 2735 eum
773 2673 959 2758 lingentibus
991 2677 1259 2759 credentibusque.

223 2783 401 2846 Ceterorum
421 2789 509 2845 casua
530 2793 718 2866 conatusque
737 2783 768 2842 in
800 2790 942 2845 contextu
973 2784 1075 2866 operis
1104 2785 1256 2852 dicemuse

224 2897 300 2949 tune
322 2909 426 2950 servus
448 2909 467 2949 e
489 2889 592 2961 Ponto
610 2891 696 2964 sive,
719 2900 753 2949 ut
775 2889 826 2952 alii
845 2891 1020 2966 tradidere,
1042 2885 1259 2956 liberrimam

225 2993 335 3073 ltalia,
354 2993 487 3054 citharae
507 3003 538 3054 et
558 3005 665 3057 centua
688 2997 824 3077 peritus,
861 2995 945 3057 unde
965 2995 1010 3056 illi
1032 3014 1124 3078 super
1151 3003 1258 3084 simili·

174 3099 215 3164 2’5
226 3102 363 3180 tudinem
379 3103 442 3164 oris
461 3103 589 3186 propior
614 3103 652 3165 ad
671 3103 837 3166 fallendum
854 3093 945 3182 lidus,
975 3105 1127 3168 adiunctis
1156 3109 1258 3171 deser·

224 3211 350 3290 toribus,
373 3231 453 3294 quos
476 3212 581 3295 iuopia
600 3233 692 3296 vagos
713 3213 886 3296 ingentibus
895 3214 1053 3296 promissis
1064 3229 1255 3298 corruperat,

223 3341 308 3382 mare
328 3320 520 3404 ingr-editum
542 3341 577 3384 uc
589 3321 629 3384 'vi
647 3332 859 3405 tempestatum
881 3323 1036 3406 Cythnum
1056 3324 1185 3386 insulam
1201 3326 1256 3387 de.
1289 3337 1291 3344 ·

223 3437 325 3488 trusus
345 3439 375 3490 et
395 3426 528 3490 militum
546 3427 694 3511 quosdam
728 3451 762 3490 ex
785 3429 914 3492 Oriente
943 3433 1177 3492 commeantium
1200 3433 1256 3495 acl-

224 3535 311 3600 scivit
331 3535 379 3598 vel
402 3535 569 3598 abnuentes
587 3529 717 3598 interfici
738 3539 844 3618 iussit,
875 3549 907 3601 et
926 3535 1062 3622 spoliatis
1085 3537 1254 3620 negotiato-

175 3645 308 3708 3orihus
326 3646 547 3728 mancipiorum
567 3643 803 3708 valentissimum
824 3667 975 3730 quemque
995 3648 1131 3708 armavit.
1168 3631 1255 3708 'Cen-

224 3755 436 3834 turionemque
456 3753 770 3833 ffisennamuenras
792 3752 974 3830 concordiae
995 3753 1120 3838 insignia
1134 3752 1254 3835 Syriaci

237 3899 524 3934 uuum—'Qun'

308 4017 332 4066 q
351 3997 417 4053 belli
435 4001 535 4054 exitum
555 4001 687 4056 Picheua:
706 4003 750 4056 Ma
768 3996 865 4059 bellum
887 4020 945 4058 cum
964 4003 1001 4056 ln&
