2912 4730
184 322 225 384 m
552 281 839 415 rusroailaun
909 316 914 322 ·

23 498 50 565 (²
64 495 93 549 C·
112 499 331 572 ⁶9.)exercitus
352 497 478 559 nomine
498 497 534 557 ad
558 499 762 579 praetorianos
783 497 948 577 ferentem,
967 493 1074 560 ''varm
1092 497 1212 560 artibus

126 630 132 644 “
183 609 343 690 adgressus
361 619 425 686 est,
447 606 543 666 donec
565 606 691 666 Sisenna
713 607 792 668 clam
813 607 919 676 relicta
949 607 1047 668 insula
1074 607 1211 688 trepidus
1230 675 1233 678 ,

181 729 212 780 et
231 720 294 780 vim
314 726 451 776 metuens
471 715 638 794 aufugeret.
679 715 762 776 Inde·
772 717 834 776 late
853 711 966 794 terror,¹
986 713 1088 774 multis
1101 713 1147 773 'ad
1158 735 1210 774 ce.

179 813 352 886 lebritatcm
369 821 501 880 'nominis
523 822 628 880 erectis
649 843 753 882 rerum
766 807 917 885 novarum
932 823 1073 906 cupidine
1094 831 1124 883 ct
1135 821 1208 882 odio

178 928 391 1012 praesentium.
434 923 615 988 Gliscentem
634 927 665 986 in
689 927 752 988 dies
772 929 883 989 famam
896 931 960 991 fors
973 927 1120 989 discussit.
1147 889 1244 986 Ga·9

177 1035 282 1095 latiam
302 1054 337 1093 ac
356 1031 568 1114 Pamphyliam
587 1032 759 1115 provincias
790 1036 962 1118 Calpurnio
982 1035 1140 1126 Asprenati
1162 1053 1212 1092 re·

128 1193 141 1200 -
178 1139 297 1222 gendas'
313 1137 410 1198 Galba
430 1141 620 1220 permiserat.
661 1141 792 1202 Dataee
820 1142 913 1204 classe
943 1141 1108 1204 Misenensi
1133 1139 1212 1199 duae

179 1249 321 1310 triremes
340 1245 378 1306 ad
398 1247 658 1327 prosequendum,
680 1265 751 1308 cum
773 1251 883 1331 quibus
905 1249 1061 1334 Cythnum
1082 1249 1211 1308 insulam

178 1355 286 1418 tenuit.
328 1355 392 1416 Nec
413 1353 536 1414 defuere
553 1356 605 1435 qui
627 1354 813 1414 trierarchos
832 1356 957 1416 nomine
975 1355 1107 1418 Neronis
1129 1355 1211 1416 acci·
1286 1423 1289 1430 Ι

178 1473 257 1524 rent.
298 1463 326 1521 Is
347 1463 379 1520 in
402 1459 783 1541 maestitiamcompositus
804 1469 835 1520 et
854 1459 948 1519 fidem
967 1454 1093 1522 snorum
1113 1475 1210 1544 quon·
1225 1470 1262 1512 ¹0
1346 1471 1351 1475 '

154 1615 158 1626 ,
178 1569 249 1630 dam
267 1569 402 1630 militnm·
419 1559 577 1646 invocans,
598 1579 634 1629 nt
656 1591 727 1630 eum
748 1571 780 1630 in
803 1569 891 1652 Syria
911 1579 966 1630 aut
980 1569 1116 1650 Aegypto
1127 1569 1213 1630 siste·

178 1688 267 1754 rent,
290 1677 411 1738 orabat.
453 1675 630 1734 Trierarchi
652 1685 804 1752 nutantes,
823 1695 876 1736 seu
903 1672 985 1753 dolo,
1007 1651 1213 1758 adloquendos

180 1785 238 1846 sibi
256 1785 368 1846 milites
388 1794 418 1844 et
438 1785 548 1864 paratis
567 1779 705 1844 omnium
727 1785 833 1844 animis
867 1801 1045 1844 reversuros
1072 1783 1214 1868 firmave-

179 1898 264 1954 runt.
305 1892 367 1954 Sed
379 1890 542 1972 Asprenati
565 1903 675 1952 cuncta
694 1913 729 1952 ex
746 1890 807 1952 fida
826 1891 983 1971 nuntiata3
1004 1891 1089 1950 cuius
1099 1889 1213 1951 cohor·
1263 1889 1266 1897 ’
1308 1911 1318 1924 ‘

163 1974 294 2059 ‘tatione
313 1993 490 2078 expugnata
518 1997 603 2058 navis
633 2007 666 2058 et
696 1997 871 2058 interfectus
891 1995 1029 2079 quicquic
1059 1993 1111 2059 ille
1133 1992 1262 2059 erat.15

180 2104 319 2184 Corpus,
352 2104 469 2186 insigne
497 2102 603 2164 oculis·
628 2123 778 2186 comaque
798 2113 829 2162 et
851 2103 992 2165 torvitate
1021 2101 1143 2184 voltus,
1178 2105 1211 2164 in
1260 2157 1264 2161 .

180 2209 283 2272 Asiam
306 2218 397 2292 atque
419 2209 491 2270 inde
509 2211 641 2285 Romam
659 2211 839 2290 pervectum
860 2218 918 2270 est.

265 2318 300 2377 ln
322 2318 444 2396 civitate
463 2317 595 2378 discordi
616 2330 645 2379 et
664 2317 705 2377 nb
726 2317 847 2378 crebras
869 2315 1043 2398 principum
1067 2294 1277 2380 mutatio-10

182 2443 236 2485 nes
258 2425 341 2485 inter
361 2425 589 2486 libertatem'ao
620 2425 772 2485 licentiam
801 2425 915 2484 incerta
944 2443 1060 2502 parvae
1088 2447 1212 2509 quoquc

183 2553 232 2594 res
252 2532 367 2612 magnis
388 2512 523 2590 motibus
554 2530 731 2614 agebantur.
756 2531 886 2592 sVibius
918 2531 1060 2614 Crispus,
1086 2535 1262 2615 pecunia²0

184 2639 325 2722 potentia
347 2638 466 2719 ingenio
484 2639 561 2696 inter
582 2638 680 2698 claros
702 2639 796 2719 magis
818 2658 910 2719 quam
929 2637 1130 2720 inurbanus,
1150 2645 1214 2704 Aa·

186 2747 273 2810 nium
290 2745 437 2807 Faustum
458 2746 606 2826 equestris
627 2745 763 2824 ordinis,
795 2747 847 2826 qui
876 2749 1062 2829 temporibus
1082 2750 1214 2812 Neronis
1276 2797 1280 2804 .

186 2854 354 2934 delationes
387 2854 592 2930 factitaverat,
623 2853 664 2914 ad
694 2852 892 2935 cognitionem
924 2869 1043 2919 senatus
1068 2861 1210 2921 vocabat.

186 2963 263 3024 Nam
280 2979 385 3022 recens
406 2959 522 3020 Galbae
544 2959 718 3040 pribcipatu
740 2970 918 3020 censuerant
948 2974 1072 3044 patres,
1101 2975 1137 3026 ut
1162 2987 1213 3028 ac-

186 3079 363 3130 casatorum
379 3089 487 3131 causae
504 3053 717 3129 noscerentur.
761 3067 795 3128 ld
807 3079 927 3131 senatus
947 3071 1121 3132 consultum
1130 3077 1212 3135 varie
1221 3057 1264 3126 25
1305 3141 1319 3159 s

185 3156 396 3251 iactatum‘et,
416 3184 511 3255 prout
529 3185 639 3256 potens
660 3172 710 3232 vel
727 3173 812 3255 inops
831 3197 901 3236 reus
934 3172 1099 3252 inciderat,
1129 3181 1214 3240 infir-

76 3314 78 3318 .
185 3280 346 3378 mum'aut
365 3278 501 3352 validum
521 3279 720 3356 retinebatur.
761 3279 811 3340 Ad
825 3279 884 3342 hoc
899 3282 1026 3354 terroris
1047 3295 1077 3343 et
1089 3293 1211 3370 propria

273 3445 297 3494 3.
316 3446 441 3514 asageret
468 3440 526 3506 Ma,
554 3449 583 3496 et
600 3444 624 3496 5.
641 3443 782 3514 galitiam,
811 3452 840 3498 et
859 3463 882 3514 7.
901 3460 997 3515 perse
1026 3447 1154 3514 miserat,
1183 3453 1211 3496 et

185 3543 211 3596 8.
229 3539 386 3596 scithicum.

229 3693 230 3696 Ἴ
261 3648 299 3684 12.
315 3631 477 3682 trierarcbis
495 3629 553 3692 W,
573 3635 601 3681 ct
620 3633 658 3688 18.
678 3629 727 3684 lioc
745 3649 792 3702 pro
813 3617 859 3684 ob.

256 3729 299 3792 23.
319 3726 509 3794 cognationem
525 3723 571 3778 tt²
587 3735 615 3779 ct
632 3743 695 3780 mcx
710 3729 896 3799 principatum
916 3726 997 3780 idem.

257 3833 299 3885 ²7·
319 3820 496 3876 retinebatur.
533 3820 576 3875 Ad
589 3821 640 3876 linc
666 3823 794 3890 terroris]
819 3821 955 3876 retinebat
972 3821 996 3874 G
1013 3821 1066 3878 Ma.
1101 3823 1209 3877 Deinde

190 3912 229 3965 ad
253 3913 325 3970 hunc
357 3915 472 3974 terreris
503 3917 566 3970 M³=
602 3915 640 3970 ad
673 3915 722 3971 lma
758 3917 873 3970 terroris
899 3915 1042 3973 Rhenanus
1072 3927 1099 3972 et
1127 3918 1212 3973 codex
