2914 4724
224 424 265 488 ro
466 439 468 444 ¹
510 455 514 462 -
595 389 884 496 cismarinum
924 509 926 514 Ι

13 601 14 608 ’
64 617 91 695 (³
106 615 135 688 c,
152 569 208 687 69.)
223 609 254 660 et
273 579 382 660 classes
405 616 551 680 regesque
570 619 606 660 ac
626 621 738 661 nomen
752 601 866 684 dispari
878 601 960 663 sarna
971 601 1099 664 celebre·
1140 591 1298 684 Vespa-5

222 709 323 768 cianus
344 727 414 769 acer
436 705 580 784 militiae,
600 711 716 772 anteire
737 731 864 794 agmen,
895 711 995 780 locum
1016 713 1120 774 castris
1138 731 1258 791 capere,

134 885 136 890 Ι
223 825 316 874 noctu
336 813 450 894 diuque
472 806 597 876 consilio
617 837 679 888 aar
696 819 722 888 ‚si
752 838 802 881 res
825 832 983 902 posceret,
1011 843 1103 882 manu
1125 819 1263 882 hostibus

133 939 136 952 ·
223 919 341 994 obniti,
365 919 435 982 cibo
456 921 598 999 fortuito,
627 935 710 986 veste
731 925 900 1010 habituque
921 929 1008 990 vixa
1037 929 1174 1011 gregario
1202 929 1261 988 mi-

223 1023 279 1086 lite
302 1026 499 1108 discrepans;
521 1051 644 1110 prorsus
666 1031 691 1092 si
710 1033 841 1094 avaritia
864 1033 996 1112 abesset,
1027 1037 1157 1116 antiquis
1179 1033 1290 1102 duci-5

223 1133 282 1194 bus
304 1156 373 1215 par.
414 1136 592 1216 Mucianum
618 1140 813 1201 econtrario·
831 1143 1054 1224 magnificentia
1076 1153 1108 1204 et
1131 1146 1212 1224 'opes
1233 1151 1265 1202 et
1350 1192 1356 1212 ,

225 1254 331 1303 cuncta
353 1245 508 1326 privatum
542 1245 670 1308 modum
699 1270 891 1330 supergressa
923 1251 1127 1324 extollebant;
1162 1248 1265 1328 aptior

224 1335 384 1432 sermone,
416 1353 563 1435 dispositu
593 1355 783 1444 provisuque
810 1355 947 1416 civilium
983 1380 1086 1418 rernm
1129 1355 1262 1438 peritus:

203 1462 379 1542 egregium
400 1463 590 1544 principatus
610 1473 911 1544 temperamentum,
943 1465 969 1522 si
987 1463 1116 1544 demptis
1148 1463 1263 1522 utrius-

223 1589 284 1648 que
305 1569 386 1633 uitiis
407 1569 488 1628 solae
509 1571 640 1634 virtutes
665 1572 877 1633 miscerentur.
922 1571 1064 1630 Ceterum
1083 1569 1133 1628 hic
1146 1569 1262 1650 Syriae,
1279 1581 1314 1622 ¹⁰

224 1674 276 1734 ille
297 1673 428 1736 Iudaeae
449 1677 659 1763 praepositus,
686 1678 792 1738 vicinis
813 1675 1041 1758 provinciarum
1076 1675 1267 1738 administra·

224 1775 365 1844 tionibus
382 1785 498 1846 invidia
514 1779 697 1866 discordes,
725 1789 811 1848 exitu
849 1785 975 1851 demum,
1004 1784 1133 1846 Neronis
1160 1784 1267 1865 positis

225 1889 303 1964 pdiis
324 1890 355 1951 in
379 1887 514 1950 medium
534 1889 740 1966 consuluere,
779 1891 914 1974 primum
941 1912 998 1973 per
1028 1890 1159 1950 amicos:
1195 1889 1268 1952 dein
1343 1959 1345 1970 Υ

167 2021 169 2034 ¹
201 1998 391 2080 ,praecipua
421 1993 604 2058 concordiae
630 1996 702 2060 fides
734 1996 827 2059 Titus
854 2019 950 2080 prava
984 1996 1150 2058 certamina
1182 2014 1266 2055 com-

156 2137 158 2144 ·
225 2105 312 2168 muni
333 2097 464 2166 utilitate
483 2097 688 2182 aboleverat,
716 2114 830 2166 natura
861 2115 953 2188 etque
986 2113 1052 2166 arte
1083 2105 1265 2184 compositus
1278 2093 1315 2159 15

213 2210 401 2274 adliciendis
421 2213 512 2275 etiam
541 2215 677 2274 Muciani
705 2214 852 2276 moribus.
894 2195 1027 2274 Tribuni
1057 2214 1266 2274 centuriones·

197 2325 200 2344 ¹
228 2337 288 2399 que
309 2325 341 2378 et
362 2317 468 2400 volgus
488 2316 621 2381 militum
644 2318 796 2381 industria
823 2319 963 2396 licentia,
984 2339 1041 2400 per
1061 2319 1191 2380 virtutes
1211 2299 1302 2399 perss

228 2425 415 2506 voluptates,
434 2437 468 2486 ut
484 2427 592 2508 cuique
604 2429 768 2508 ingenium,
794 2427 1049 2490 adsciscebantur.
1093 2427 1269 2508 Antequam

229 2531 319 2592 Titus
339 2531 537 2605 adventaret,
560 2547 784 2594 sacramentum
807 2533 940 2594 Othonis
960 2542 1118 2614 acceperat
1137 2529 1269 2614 uterque
1311 2511 1318 2519 ι

164 2709 175 2722 A
232 2640 398 2722 exercitus,
420 2640 655 2721 praecipitibus,
677 2652 712 2702 ut
732 2639 860 2718 assolet,
885 2641 1014 2718 nuntiis,
1040 2653 1070 2702 et
1090 2643 1178 2702 tarda
1189 2641 1318 2702 moieno

233 2743 333 2806 civilis
364 2742 457 2820 belli,
493 2730 587 2828 quod
606 2743 695 2827 longa
726 2745 892 2809 concordia
916 2747 1038 2828 quietus
1060 2736 1170 2808 Oriens
1196 2757 1270 2806 tunc

232 2853 368 2934 primum
391 2851 528 2934 parabat.
572 2855 705 2935 Namque
716 2853 789 2914 olim
802 2853 987 2916 validissima
1007 2854 1088 2914 inter
1110 2875 1142 2914 se
1156 2853 1269 2914 civium
1313 2845 1345 2941 ‘A
1442 2919 1443 2932 χ

129 2970 132 2986 ⁴
234 2980 318 3020 arma
341 2961 373 3020 in
397 2955 482 3020 Italia
501 2956 640 3019 Gall-inve
656 2959 775 3020 viribus
796 2959 973 3020 Occidentis
985 2967 1112 3040 coepta;
1134 2958 1270 3018 ctPom-

194 3123 196 3132 ,
233 3067 303 3150 peio
325 3065 430 3130 Cassio
453 3055 548 3128 Bruto
571 3069 723 3170 Antonio,
746 3089 824 3148 quos
846 3088 952 3127 omnes
972 3078 1059 3128 trans
1080 3086 1166 3124 mare
1185 3087 1269 3125 secu-

233 3187 302 3238 tum
322 3189 367 3239 est
387 3163 632 3254 civile-bellum,
651 3176 735 3238 haud
753 3177 893 3266 pposperi
916 3177 1013 3258 esitus
1035 3175 1176 3248 fucrant;
1215 3195 1268 3232 au·
1280 3185 1320 3250 25

235 3283 351 3366 ditique
371 3285 490 3368 saepius
510 3283 541 3344 in
561 3285 649 3368 Syria
668 3283 837 3366 Iudaeaque
857 3283 998 3344 Caesares
1017 3297 1108 3360 quam
1131 3277 1269 3360 inspecti.

160 3393 163 3398 '
235 3390 326 3454 Nulla
343 3393 448 3456 seditio
470 3389 643 3473 legionum3
676 3402 800 3456 tantum
830 3391 976 3454 adversus
993 3386 1126 3450 Parthos
1158 3388 1269 3460 minae,

237 3497 322 3558 vario
341 3514 465 3564 eventu.
508 3501 551 3562 Et
564 3504 703 3583 proximo
724 3501 806 3571 civili
828 3499 911 3564 bello
933 3498 1061 3562 turbatis
1081 3495 1147 3558 aliis
1162 3497 1270 3554 incon·

237 3625 324 3666 cussa
342 3607 385 3668 ibi
404 3633 482 3692 pax3
505 3610 575 3672 dein
595 3611 668 3672 tides
690 3633 760 3695 erga
772 3610 912 3671 Galbam.
939 3610 1038 3687 νΜοκ,
1060 3617 1095 3668 ut
1117 3602 1270 3664 Othonem

239 3731 279 3770 ac
288 3709 445 3776 Vitellium
465 3717 598 3780 scelestis
619 3720 710 3780 armis
725 3739 774 3779 res
787 3717 939 3776 Romanas
957 3724 1078 3796 raptum
1103 3713 1148 3774 ire
1165 3710 1270 3792 volga-
1282 3727 1323 3788 50

239 3826 304 3881 tum
327 3830 387 3900 est,
408 3841 447 3881 ne
465 3845 556 3904 penes
584 3836 699 3890 ceteros
734 3825 854 3908 imperii
887 3823 1038 3907 praemia,
1071 3841 1161 3904 penes
1193 3820 1271 3901 ipsos

445 3981 477 3989 ..-

309 4055 350 4090 πο.
367 4040 493 4111 precibus
511 4040 564 4092 rr.
