<?xml version="1.0" encoding="UTF-8"?>
<!DOCTYPE html PUBLIC "-//W3C//DTD XHTML 1.0 Transitional//EN"
    "http://www.w3.org/TR/xhtml1/DTD/xhtml1-transitional.dtd">
<html xmlns="http://www.w3.org/1999/xhtml" xml:lang="en" lang="en">
 <head>
  <title>
</title>
<meta http-equiv="Content-Type" content="text/html;charset=utf-8" />
  <meta name='ocr-system' content='tesseract 3.04.00' />
  <meta name='ocr-capabilities' content='ocr_page ocr_carea ocr_par ocr_line ocrx_word'/>
</head>
<body>
  <div class='ocr_page' id='page_1' title='image "./ccorneliitaciti01rittgoog_0213.png"; bbox 0 0 2886 4726; ppageno 0'>
   <div class='ocr_carea' id='block_1_1' title="bbox 535 422 1224 518">
    <p class='ocr_par' dir='ltr' id='par_1_1' title="bbox 535 422 1224 518">
     <span class='ocr_line' id='line_1_1' title="bbox 535 422 1224 518; baseline 0.009 -32"><span class='ocrx_word' id='word_1_1' title='bbox 535 425 610 487; x_wconf 80' lang='grc' dir='ltr'><strong>ιιι.</strong></span> <span class='ocrx_word' id='word_1_2' title='bbox 635 422 685 486; x_wconf 87' lang='grc' dir='ltr'><strong>ιι.</strong></span> <span class='ocrx_word' id='word_1_3' title='bbox 710 425 795 488; x_wconf 80' lang='lat' dir='ltr'><strong>car.</strong></span> <span class='ocrx_word' id='word_1_4' title='bbox 819 428 930 492; x_wconf 81' lang='lat' dir='ltr'><strong>o-1a.</strong></span> <span class='ocrx_word' id='word_1_5' title='bbox 1063 511 1067 518; x_wconf 23' lang='lat'>¹</span> <span class='ocrx_word' id='word_1_6' title='bbox 1166 431 1224 494; x_wconf 81' lang='grc' dir='ltr'><strong>ιιι</strong></span> 
     </span>
    </p>
   </div>
   <div class='ocr_carea' id='block_1_2' title="bbox 78 575 1386 2974">
    <p class='ocr_par' dir='ltr' id='par_1_2' title="bbox 109 575 1386 1330">
     <span class='ocr_line' id='line_1_2' title="bbox 149 575 1386 693; baseline -0.002 -27"><span class='ocrx_word' id='word_1_7' title='bbox 149 618 151 622; x_wconf 83' lang='grc'><strong>’</strong></span> <span class='ocrx_word' id='word_1_8' title='bbox 205 606 246 666; x_wconf 88' lang='lat' dir='ltr'><strong>sis</strong></span> <span class='ocrx_word' id='word_1_9' title='bbox 273 595 359 687; x_wconf 82' lang='lat' dir='ltr'><strong>sagax</strong></span> <span class='ocrx_word' id='word_1_10' title='bbox 385 615 519 693; x_wconf 84' lang='lat' dir='ltr'><strong>verterat</strong></span> <span class='ocrx_word' id='word_1_11' title='bbox 547 627 578 670; x_wconf 89' lang='lat' dir='ltr'><strong>se</strong></span> <span class='ocrx_word' id='word_1_12' title='bbox 610 575 890 688; x_wconf 41' lang='lat' dir='ltr'><strong>transtulerotques</strong></span> <span class='ocrx_word' id='word_1_13' title='bbox 935 595 991 666; x_wconf 88' lang='lat' dir='ltr'><strong>llle</strong></span> <span class='ocrx_word' id='word_1_14' title='bbox 1015 625 1092 666; x_wconf 87' lang='lat' dir='ltr'><strong>unus</strong></span> <span class='ocrx_word' id='word_1_15' title='bbox 1120 607 1227 667; x_wconf 84' lang='lat' dir='ltr'><strong>ambiri</strong></span> <span class='ocrx_word' id='word_1_16' title='bbox 1241 613 1269 684; x_wconf 85' lang='lat' dir='ltr'><strong>(a</strong></span> <span class='ocrx_word' id='word_1_17' title='bbox 1282 609 1312 664; x_wconf 83' lang='lat' dir='ltr'><strong>C.</strong></span> <span class='ocrx_word' id='word_1_18' title='bbox 1331 613 1386 681; x_wconf 75' lang='lat'><strong>69.)</strong></span> 
     </span>
     <span class='ocr_line' id='line_1_3' title="bbox 109 713 1229 798; baseline 0.002 -24"><span class='ocrx_word' id='word_1_19' title='bbox 109 725 112 734; x_wconf 91' lang='grc'><strong>’</strong></span> <span class='ocrx_word' id='word_1_20' title='bbox 204 714 272 774; x_wconf 90' lang='lat' dir='ltr'><strong>coli.</strong></span> <span class='ocrx_word' id='word_1_21' title='bbox 313 713 374 776; x_wconf 91' lang='lat' dir='ltr'><strong>Nec</strong></span> <span class='ocrx_word' id='word_1_22' title='bbox 397 715 502 777; x_wconf 88' lang='lat' dir='ltr'><strong>deerat</strong></span> <span class='ocrx_word' id='word_1_23' title='bbox 522 715 609 798; x_wconf 86' lang='lat' dir='ltr'><strong>ipse,</strong></span> <span class='ocrx_word' id='word_1_24' title='bbox 631 717 757 798; x_wconf 86' lang='lat' dir='ltr'><strong>stipatus</strong></span> <span class='ocrx_word' id='word_1_25' title='bbox 778 713 917 790; x_wconf 85' lang='lat' dir='ltr'><strong>armatis,</strong></span> <span class='ocrx_word' id='word_1_26' title='bbox 939 713 1043 773; x_wconf 90' lang='lat' dir='ltr'><strong>domos</strong></span> <span class='ocrx_word' id='word_1_27' title='bbox 1065 713 1229 796; x_wconf 82' lang='lat' dir='ltr'><strong>hortosque</strong></span> 
     </span>
     <span class='ocr_line' id='line_1_4' title="bbox 204 818 1229 910; baseline 0.002 -30"><span class='ocrx_word' id='word_1_28' title='bbox 204 831 400 901; x_wconf 81' lang='lat' dir='ltr'><strong>permutans,</strong></span> <span class='ocrx_word' id='word_1_29' title='bbox 433 834 586 910; x_wconf 87' lang='lat' dir='ltr'><strong>apparatu</strong></span> <span class='ocrx_word' id='word_1_30' title='bbox 619 825 736 884; x_wconf 79' lang='lat' dir='ltr'>incessu</span> <span class='ocrx_word' id='word_1_31' title='bbox 755 821 886 882; x_wconf 85' lang='lat' dir='ltr'>excubiis</span> <span class='ocrx_word' id='word_1_32' title='bbox 912 821 973 880; x_wconf 83' lang='lat' dir='ltr'><strong>virn</strong></span> <span class='ocrx_word' id='word_1_33' title='bbox 999 818 1141 904; x_wconf 88' lang='lat' dir='ltr'><strong>principis</strong></span> <span class='ocrx_word' id='word_1_34' title='bbox 1165 843 1229 882; x_wconf 89' lang='lat' dir='ltr'><strong>am·</strong></span> 
     </span>
     <span class='ocr_line' id='line_1_5' title="bbox 205 921 1228 1018; baseline 0.003 -31"><span class='ocrx_word' id='word_1_35' title='bbox 205 928 307 1010; x_wconf 85' lang='lat' dir='ltr'><strong>plecti,</strong></span> <span class='ocrx_word' id='word_1_36' title='bbox 337 952 445 993; x_wconf 87' lang='lat' dir='ltr'><strong>nomen</strong></span> <span class='ocrx_word' id='word_1_37' title='bbox 461 934 625 996; x_wconf 76' lang='lat' dir='ltr'><strong>remittere.</strong></span> <span class='ocrx_word' id='word_1_38' title='bbox 667 925 838 992; x_wconf 82' lang='lat' dir='ltr'><strong>Plurimum</strong></span> <span class='ocrx_word' id='word_1_39' title='bbox 856 929 982 1018; x_wconf 81' lang='lat' dir='ltr'><strong>terroris</strong></span> <span class='ocrx_word' id='word_1_40' title='bbox 1000 927 1100 989; x_wconf 87' lang='lat' dir='ltr'><strong>intulit</strong></span> <span class='ocrx_word' id='word_1_41' title='bbox 1124 921 1228 990; x_wconf 84' lang='lat' dir='ltr'><strong>caedes</strong></span> 
     </span>
     <span class='ocr_line' id='line_1_6' title="bbox 174 1015 1229 1148; baseline 0.004 -56"><span class='ocrx_word' id='word_1_42' title='bbox 174 1015 375 1148; x_wconf 71' lang='lat' dir='ltr'><strong>ficalpurnli</strong></span> <span class='ocrx_word' id='word_1_43' title='bbox 395 1035 560 1130; x_wconf 81' lang='lat' dir='ltr'><strong>Galerinui.</strong></span> <span class='ocrx_word' id='word_1_44' title='bbox 602 1035 631 1096; x_wconf 83' lang='lat' dir='ltr'><strong>la</strong></span> <span class='ocrx_word' id='word_1_45' title='bbox 653 1032 710 1094; x_wconf 87' lang='lat' dir='ltr'><strong>fuit</strong></span> <span class='ocrx_word' id='word_1_46' title='bbox 731 1032 809 1094; x_wconf 84' lang='lat' dir='ltr'><strong>lilius</strong></span> <span class='ocrx_word' id='word_1_47' title='bbox 831 1033 888 1094; x_wconf 88' lang='lat' dir='ltr'><strong>Gai</strong></span> <span class='ocrx_word' id='word_1_48' title='bbox 910 1031 1048 1107; x_wconf 85' lang='lat' dir='ltr'><strong>Pisonis,</strong></span> <span class='ocrx_word' id='word_1_49' title='bbox 1076 1034 1151 1094; x_wconf 86' lang='lat' dir='ltr'><strong>nihil</strong></span> <span class='ocrx_word' id='word_1_50' title='bbox 1174 1057 1229 1096; x_wconf 86' lang='lat' dir='ltr'><strong>au-</strong></span> 
     </span>
     <span class='ocr_line' id='line_1_7' title="bbox 205 1139 1230 1224; baseline 0.005 -26"><span class='ocrx_word' id='word_1_51' title='bbox 205 1161 277 1201; x_wconf 79' lang='lat' dir='ltr'><strong>sus:</strong></span> <span class='ocrx_word' id='word_1_52' title='bbox 276 1141 363 1203; x_wconf 88' lang='lat' dir='ltr'><strong>scd</strong></span> <span class='ocrx_word' id='word_1_53' title='bbox 397 1163 505 1204; x_wconf 87' lang='lat' dir='ltr'><strong>nomen</strong></span> <span class='ocrx_word' id='word_1_54' title='bbox 539 1143 657 1224; x_wconf 77' lang='lat' dir='ltr'><strong>insigne</strong></span> <span class='ocrx_word' id='word_1_55' title='bbox 681 1147 721 1201; x_wconf 84' lang='lat' dir='ltr'><strong>et</strong></span> <span class='ocrx_word' id='word_1_56' title='bbox 741 1139 888 1200; x_wconf 92' lang='lat' dir='ltr'><strong>decora</strong></span> <span class='ocrx_word' id='word_1_57' title='bbox 880 1140 934 1221; x_wconf 81' lang='lat' dir='ltr'><strong>ipsi</strong></span> <span class='ocrx_word' id='word_1_58' title='bbox 966 1141 1088 1199; x_wconf 83' lang='lat' dir='ltr'><strong>iuventa</strong></span> <span class='ocrx_word' id='word_1_59' title='bbox 1107 1147 1230 1203; x_wconf 81' lang='lat' dir='ltr'><strong>rumore</strong></span> 
     </span>
     <span class='ocr_line' id='line_1_8' title="bbox 203 1243 1287 1330; baseline 0.004 -24"><span class='ocrx_word' id='word_1_60' title='bbox 203 1247 283 1330; x_wconf 79' lang='lat' dir='ltr'><strong>volgi</strong></span> <span class='ocrx_word' id='word_1_61' title='bbox 307 1243 567 1329; x_wconf 83' lang='lat' dir='ltr'><strong>celebrabantur,</strong></span> <span class='ocrx_word' id='word_1_62' title='bbox 589 1258 735 1329; x_wconf 82' lang='lat' dir='ltr'><strong>erantque</strong></span> <span class='ocrx_word' id='word_1_63' title='bbox 759 1248 788 1306; x_wconf 89' lang='lat' dir='ltr'><strong>in</strong></span> <span class='ocrx_word' id='word_1_64' title='bbox 810 1247 931 1308; x_wconf 84' lang='lat' dir='ltr'><strong>civitate</strong></span> <span class='ocrx_word' id='word_1_65' title='bbox 950 1247 1050 1307; x_wconf 86' lang='lat' dir='ltr'><strong>adhuc</strong></span> <span class='ocrx_word' id='word_1_66' title='bbox 1064 1245 1184 1308; x_wconf 85' lang='lat' dir='ltr'><strong>turbida</strong></span> <span class='ocrx_word' id='word_1_67' title='bbox 1201 1257 1231 1307; x_wconf 82' lang='lat' dir='ltr'><strong>et</strong></span> <span class='ocrx_word' id='word_1_68' title='bbox 1285 1303 1287 1310; x_wconf 93' lang='lat'><strong>.</strong></span> 
     </span>
    </p>

    <p class='ocr_par' dir='ltr' id='par_1_3' title="bbox 155 1355 1230 1538">
     <span class='ocr_line' id='line_1_9' title="bbox 155 1355 1230 1458; baseline 0.002 -46"><span class='ocrx_word' id='word_1_69' title='bbox 155 1391 157 1400; x_wconf 49' lang='grc' dir='ltr'><strong>ι</strong></span> <span class='ocrx_word' id='word_1_70' title='bbox 204 1355 291 1415; x_wconf 88' lang='lat' dir='ltr'><strong>novis</strong></span> <span class='ocrx_word' id='word_1_71' title='bbox 317 1359 509 1420; x_wconf 84' lang='lat' dir='ltr'><strong>sermonibus</strong></span> <span class='ocrx_word' id='word_1_72' title='bbox 532 1357 611 1420; x_wconf 89' lang='lat' dir='ltr'><strong>laeta</strong></span> <span class='ocrx_word' id='word_1_73' title='bbox 640 1355 692 1458; x_wconf 81' lang='lat' dir='ltr'><strong>qui</strong></span> <span class='ocrx_word' id='word_1_74' title='bbox 714 1356 1052 1436; x_wconf 84' lang='lat' dir='ltr'><strong>principatusinanern</strong></span> <span class='ocrx_word' id='word_1_75' title='bbox 1074 1356 1230 1415; x_wconf 77' lang='lat' dir='ltr'><strong>eisarnam</strong></span> 
     </span>
     <span class='ocr_line' id='line_1_10' title="bbox 204 1435 1229 1546; baseline 0.001 -27"><span class='ocrx_word' id='word_1_76' title='bbox 204 1435 466 1523; x_wconf 76' lang='lat' dir='ltr'><strong>circumdarent.</strong></span> <span class='ocrx_word' id='word_1_77' title='bbox 494 1441 578 1524; x_wconf 78' lang='lat' dir='ltr'><strong>Iussu</strong></span> <span class='ocrx_word' id='word_1_78' title='bbox 609 1461 745 1546; x_wconf 85' lang='lat' dir='ltr'><strong>Muciani</strong></span> <span class='ocrx_word' id='word_1_79' title='bbox 773 1461 908 1520; x_wconf 87' lang='lat' dir='ltr'><strong>custodia</strong></span> <span class='ocrx_word' id='word_1_80' title='bbox 939 1461 1064 1521; x_wconf 82' lang='lat' dir='ltr'><strong>militari</strong></span> <span class='ocrx_word' id='word_1_81' title='bbox 1098 1459 1229 1538; x_wconf 86' lang='lat' dir='ltr'><strong>cinctus,</strong></span> 
     </span>
    </p>

    <p class='ocr_par' dir='ltr' id='par_1_4' title="bbox 155 1545 1334 1654">
     <span class='ocr_line' id='line_1_11' title="bbox 155 1545 1334 1654; baseline 0.001 -27"><span class='ocrx_word' id='word_1_82' title='bbox 155 1599 190 1640; x_wconf 75' lang='lat'><strong>10</strong></span> <span class='ocrx_word' id='word_1_83' title='bbox 203 1589 241 1628; x_wconf 90' lang='lat' dir='ltr'><strong>ne</strong></span> <span class='ocrx_word' id='word_1_84' title='bbox 261 1571 292 1628; x_wconf 87' lang='lat' dir='ltr'><strong>io</strong></span> <span class='ocrx_word' id='word_1_85' title='bbox 316 1567 379 1651; x_wconf 78' lang='lat' dir='ltr'><strong>ip&#39;sa</strong></span> <span class='ocrx_word' id='word_1_86' title='bbox 402 1571 477 1632; x_wconf 89' lang='lat' dir='ltr'><strong>urhe</strong></span> <span class='ocrx_word' id='word_1_87' title='bbox 501 1570 692 1652; x_wconf 82' lang='lat' dir='ltr'><strong>conspectior</strong></span> <span class='ocrx_word' id='word_1_88' title='bbox 706 1589 788 1628; x_wconf 88' lang='lat' dir='ltr'><strong>mors</strong></span> <span class='ocrx_word' id='word_1_89' title='bbox 801 1569 886 1645; x_wconf 88' lang='lat' dir='ltr'><strong>foret,</strong></span> <span class='ocrx_word' id='word_1_90' title='bbox 910 1567 950 1627; x_wconf 88' lang='lat' dir='ltr'><strong>ad</strong></span> <span class='ocrx_word' id='word_1_91' title='bbox 964 1545 1238 1650; x_wconf 76' lang='lat' dir='ltr'><strong>quadragesimum¹</strong></span> <span class='ocrx_word' id='word_1_92' title='bbox 1330 1649 1334 1654; x_wconf 82' lang='lat'><strong>.</strong></span> 
     </span>
    </p>

    <p class='ocr_par' dir='ltr' id='par_1_5' title="bbox 109 1671 1229 2076">
     <span class='ocr_line' id='line_1_12' title="bbox 109 1671 1229 1758; baseline -0.005 -22"><span class='ocrx_word' id='word_1_93' title='bbox 109 1709 114 1718; x_wconf 93' lang='lat'>·</span> <span class='ocrx_word' id='word_1_94' title='bbox 201 1677 240 1736; x_wconf 89' lang='lat' dir='ltr'><strong>ab</strong></span> <span class='ocrx_word' id='word_1_95' title='bbox 262 1679 337 1740; x_wconf 88' lang='lat' dir='ltr'><strong>urbe</strong></span> <span class='ocrx_word' id='word_1_96' title='bbox 368 1675 500 1758; x_wconf 83' lang='lat' dir='ltr'><strong>lapidem</strong></span> <span class='ocrx_word' id='word_1_97' title='bbox 528 1677 577 1738; x_wconf 89' lang='lat' dir='ltr'><strong>via</strong></span> <span class='ocrx_word' id='word_1_98' title='bbox 604 1673 704 1756; x_wconf 89' lang='lat' dir='ltr'><strong>Appia</strong></span> <span class='ocrx_word' id='word_1_99' title='bbox 734 1673 802 1734; x_wconf 88' lang='lat' dir='ltr'><strong>fuso</strong></span> <span class='ocrx_word' id='word_1_100' title='bbox 821 1693 881 1755; x_wconf 90' lang='lat' dir='ltr'><strong>per</strong></span> <span class='ocrx_word' id='word_1_101' title='bbox 900 1691 993 1734; x_wconf 84' lang='lat' dir='ltr'><strong>venas</strong></span> <span class='ocrx_word' id='word_1_102' title='bbox 1012 1671 1181 1753; x_wconf 80' lang='lat' dir='ltr'><strong>sanguine</strong></span> <span class='ocrx_word' id='word_1_103' title='bbox 1177 1693 1229 1732; x_wconf 84' lang='lat' dir='ltr'><strong>er.</strong></span> 
     </span>
     <span class='ocr_line' id='line_1_13' title="bbox 145 1759 1228 1876; baseline 0 -34"><span class='ocrx_word' id='word_1_104' title='bbox 145 1783 373 1876; x_wconf 77' lang='lat' dir='ltr'><strong>stinguitur.</strong></span> <span class='ocrx_word' id='word_1_105' title='bbox 427 1761 520 1841; x_wconf 90' lang='lat' dir='ltr'><strong>lulius</strong></span> <span class='ocrx_word' id='word_1_106' title='bbox 550 1759 677 1840; x_wconf 81' lang='lat' dir='ltr'><strong>Priscus</strong></span> <span class='ocrx_word' id='word_1_107' title='bbox 697 1777 925 1861; x_wconf 84' lang='lat' dir='ltr'><strong>praetoriarum</strong></span> <span class='ocrx_word' id='word_1_108' title='bbox 943 1777 1001 1838; x_wconf 77' lang='lat' dir='ltr'><strong>sub</strong></span> <span class='ocrx_word' id='word_1_109' title='bbox 1023 1777 1148 1845; x_wconf 87' lang='lat' dir='ltr'><strong>Vitellio</strong></span> <span class='ocrx_word' id='word_1_110' title='bbox 1172 1801 1228 1842; x_wconf 85' lang='lat' dir='ltr'><strong>co-</strong></span> 
     </span>
     <span class='ocr_line' id='line_1_14' title="bbox 201 1885 1229 1972; baseline 0.001 -24"><span class='ocrx_word' id='word_1_111' title='bbox 201 1887 337 1948; x_wconf 87' lang='lat' dir='ltr'><strong>hortium</strong></span> <span class='ocrx_word' id='word_1_112' title='bbox 360 1888 528 1972; x_wconf 83' lang='lat' dir='ltr'><strong>praefectus</strong></span> <span class='ocrx_word' id='word_1_113' title='bbox 548 1887 661 1968; x_wconf 90' lang='lat' dir='ltr'><strong>seipse</strong></span> <span class='ocrx_word' id='word_1_114' title='bbox 684 1885 856 1962; x_wconf 87' lang='lat' dir='ltr'><strong>interfecit,</strong></span> <span class='ocrx_word' id='word_1_115' title='bbox 889 1885 1004 1966; x_wconf 85' lang='lat' dir='ltr'><strong>pudore</strong></span> <span class='ocrx_word' id='word_1_116' title='bbox 1025 1887 1118 1969; x_wconf 80' lang='lat' dir='ltr'><strong>magis</strong></span> <span class='ocrx_word' id='word_1_117' title='bbox 1138 1909 1229 1970; x_wconf 84' lang='lat' dir='ltr'><strong>quam</strong></span> 
     </span>
     <span class='ocr_line' id='line_1_15' title="bbox 202 1991 1228 2076; baseline 0 -22"><span class='ocrx_word' id='word_1_118' title='bbox 202 1997 389 2057; x_wconf 83' lang='lat' dir='ltr'><strong>necessitate.</strong></span> <span class='ocrx_word' id='word_1_119' title='bbox 432 1993 558 2056; x_wconf 79' lang='lat' dir='ltr'><strong>Alienus</strong></span> <span class='ocrx_word' id='word_1_120' title='bbox 579 1993 709 2055; x_wconf 85' lang='lat' dir='ltr'><strong>Varus</strong></span> <span class='ocrx_word' id='word_1_121' title='bbox 678 1993 838 2076; x_wconf 76' lang='lat' dir='ltr'><strong>ignaviae</strong></span> <span class='ocrx_word' id='word_1_122' title='bbox 859 1991 1061 2073; x_wconf 84' lang='lat' dir='ltr'><strong>infamiaeque</strong></span> <span class='ocrx_word' id='word_1_123' title='bbox 1081 2015 1152 2056; x_wconf 88' lang='lat' dir='ltr'><strong>auae</strong></span> <span class='ocrx_word' id='word_1_124' title='bbox 1177 2017 1228 2056; x_wconf 88' lang='lat' dir='ltr'><strong>su</strong></span> 
     </span>
    </p>

    <p class='ocr_par' dir='ltr' id='par_1_6' title="bbox 78 2101 1229 2290">
     <span class='ocr_line' id='line_1_16' title="bbox 78 2101 1229 2183; baseline 0 -20"><span class='ocrx_word' id='word_1_125' title='bbox 78 2110 80 2114; x_wconf 83' lang='grc'><strong>’</strong></span> <span class='ocrx_word' id='word_1_126' title='bbox 154 2115 189 2178; x_wconf 76' lang='lat'><strong>15</strong></span> <span class='ocrx_word' id='word_1_127' title='bbox 203 2103 324 2183; x_wconf 89' lang='lat' dir='ltr'><strong>perfuit.</strong></span> <span class='ocrx_word' id='word_1_128' title='bbox 367 2103 513 2164; x_wconf 83' lang='lat' dir='ltr'><strong>Asiaticus</strong></span> <span class='ocrx_word' id='word_1_129' title='bbox 534 2105 616 2163; x_wconf 87' lang='lat' dir='ltr'><strong>enirn</strong></span> <span class='ocrx_word' id='word_1_130' title='bbox 639 2102 676 2176; x_wconf 88' lang='lat' dir='ltr'><strong>[ia</strong></span> <span class='ocrx_word' id='word_1_131' title='bbox 696 2101 835 2176; x_wconf 89' lang='lat' dir='ltr'><strong>libertus]</strong></span> <span class='ocrx_word' id='word_1_132' title='bbox 851 2101 961 2161; x_wconf 87' lang='lat' dir='ltr'><strong>malam</strong></span> <span class='ocrx_word' id='word_1_133' title='bbox 982 2102 1147 2182; x_wconf 89' lang='lat' dir='ltr'><strong>potentiam</strong></span> <span class='ocrx_word' id='word_1_134' title='bbox 1166 2122 1229 2163; x_wconf 87' lang='lat' dir='ltr'><strong>ser·</strong></span> 
     </span>
     <span class='ocr_line' id='line_1_17' title="bbox 197 2205 580 2290; baseline -0.008 -21.952"><span class='ocrx_word' id='word_1_135' title='bbox 197 2208 258 2270; x_wconf 85' lang='lat' dir='ltr'><strong>vill</strong></span> <span class='ocrx_word' id='word_1_136' title='bbox 276 2205 422 2290; x_wconf 89' lang='lat' dir='ltr'><strong>supplicio</strong></span> <span class='ocrx_word' id='word_1_137' title='bbox 443 2207 580 2284; x_wconf 82' lang='lat' dir='ltr'><strong>expiavit.</strong></span> 
     </span>
    </p>

    <p class='ocr_par' dir='ltr' id='par_1_7' title="bbox 139 2285 1228 2609">
     <span class='ocr_line' id='line_1_18' title="bbox 139 2285 1228 2399; baseline 0.004 -27"><span class='ocrx_word' id='word_1_138' title='bbox 139 2306 217 2386; x_wconf 60' lang='lat'><strong>12</strong></span> <span class='ocrx_word' id='word_1_139' title='bbox 289 2313 389 2384; x_wconf 86' lang='lat' dir='ltr'><strong>lsdesn</strong></span> <span class='ocrx_word' id='word_1_140' title='bbox 413 2311 521 2373; x_wconf 89' lang='lat' dir='ltr'><strong>dicbus</strong></span> <span class='ocrx_word' id='word_1_141' title='bbox 543 2285 782 2399; x_wconf 77' lang='lat' dir='ltr'><strong>crebrescentem</strong></span> <span class='ocrx_word' id='word_1_142' title='bbox 801 2311 894 2372; x_wconf 89' lang='lat' dir='ltr'><strong>cladis</strong></span> <span class='ocrx_word' id='word_1_143' title='bbox 907 2312 1102 2374; x_wconf 82' lang='lat' dir='ltr'><strong>Germanicae</strong></span> <span class='ocrx_word' id='word_1_144' title='bbox 1118 2313 1228 2376; x_wconf 87' lang='lat' dir='ltr'><strong>famam</strong></span> 
     </span>
     <span class='ocr_line' id='line_1_19' title="bbox 206 2417 1226 2508; baseline -0.001 -28"><span class='ocrx_word' id='word_1_145' title='bbox 206 2421 398 2502; x_wconf 83' lang='lat' dir='ltr'><strong>nequaquam</strong></span> <span class='ocrx_word' id='word_1_146' title='bbox 432 2427 548 2480; x_wconf 86' lang='lat' dir='ltr'><strong>maesta</strong></span> <span class='ocrx_word' id='word_1_147' title='bbox 580 2417 686 2478; x_wconf 86' lang='lat' dir='ltr'><strong>civitas</strong></span> <span class='ocrx_word' id='word_1_148' title='bbox 688 2419 900 2505; x_wconf 82' lang='lat' dir='ltr'><strong>excipiebat3</strong></span> <span class='ocrx_word' id='word_1_149' title='bbox 932 2439 1031 2480; x_wconf 90' lang='lat' dir='ltr'><strong>caesos</strong></span> <span class='ocrx_word' id='word_1_150' title='bbox 1064 2421 1226 2508; x_wconf 56' lang='lat' dir='ltr'><strong>exercitus,</strong></span> 
     </span>
     <span class='ocr_line' id='line_1_20' title="bbox 206 2492 1227 2622; baseline 0.002 -37"><span class='ocrx_word' id='word_1_151' title='bbox 206 2539 293 2618; x_wconf 87' lang='lat' dir='ltr'><strong>capta</strong></span> <span class='ocrx_word' id='word_1_152' title='bbox 314 2527 468 2609; x_wconf 66' lang='lat' dir='ltr'><strong>legionum</strong></span> <span class='ocrx_word' id='word_1_153' title='bbox 483 2523 641 2599; x_wconf 87' lang='lat' dir='ltr'><strong>hiberna,</strong></span> <span class='ocrx_word' id='word_1_154' title='bbox 675 2492 836 2614; x_wconf 72' lang='lat' dir='ltr'><strong>descivisset</strong></span> <span class='ocrx_word' id='word_1_155' title='bbox 865 2523 978 2589; x_wconf 74' lang='lat' dir='ltr'><strong>Gallias</strong></span> <span class='ocrx_word' id='word_1_156' title='bbox 1009 2547 1068 2622; x_wconf 90' lang='lat' dir='ltr'><strong>uon</strong></span> <span class='ocrx_word' id='word_1_157' title='bbox 1089 2537 1123 2586; x_wconf 90' lang='lat' dir='ltr'><strong>ut</strong></span> <span class='ocrx_word' id='word_1_158' title='bbox 1148 2525 1227 2587; x_wconf 86' lang='lat' dir='ltr'><strong>mala</strong></span> 
     </span>
    </p>

    <p class='ocr_par' dir='ltr' id='par_1_8' title="bbox 154 2607 1225 2720">
     <span class='ocr_line' id='line_1_21' title="bbox 154 2607 1225 2720; baseline 0.002 -26"><span class='ocrx_word' id='word_1_159' title='bbox 154 2661 191 2701; x_wconf 80' lang='lat'><strong>20</strong></span> <span class='ocrx_word' id='word_1_160' title='bbox 205 2633 421 2720; x_wconf 87' lang='lat' dir='ltr'><strong>loquebantur.</strong></span> <span class='ocrx_word' id='word_1_161' title='bbox 468 2633 504 2694; x_wconf 89' lang='lat' dir='ltr'><strong>ld</strong></span> <span class='ocrx_word' id='word_1_162' title='bbox 522 2631 639 2694; x_wconf 86' lang='lat' dir='ltr'><strong>hellum</strong></span> <span class='ocrx_word' id='word_1_163' title='bbox 658 2607 769 2715; x_wconf 83' lang='lat' dir='ltr'><strong>quibus</strong></span> <span class='ocrx_word' id='word_1_164' title='bbox 791 2635 888 2694; x_wconf 90' lang='lat' dir='ltr'><strong>causis</strong></span> <span class='ocrx_word' id='word_1_165' title='bbox 907 2643 1031 2712; x_wconf 88' lang='lat' dir='ltr'><strong>ortum,</strong></span> <span class='ocrx_word' id='word_1_166' title='bbox 1050 2645 1164 2716; x_wconf 90' lang='lat' dir='ltr'><strong>quanto</strong></span> <span class='ocrx_word' id='word_1_167' title='bbox 1175 2655 1225 2696; x_wconf 85' lang='lat' dir='ltr'><strong>ex</strong></span> 
     </span>
    </p>

    <p class='ocr_par' dir='ltr' id='par_1_9' title="bbox 105 2725 1216 2933">
     <span class='ocr_line' id='line_1_22' title="bbox 105 2725 1216 2850; baseline 0.001 -47"><span class='ocrx_word' id='word_1_168' title='bbox 105 2764 107 2773; x_wconf 28' lang='grc' dir='ltr'><strong>ι</strong></span> <span class='ocrx_word' id='word_1_169' title='bbox 203 2753 361 2804; x_wconf 85' lang='lat' dir='ltr'><strong>ternarum</strong></span> <span class='ocrx_word' id='word_1_170' title='bbox 374 2725 592 2828; x_wconf 86' lang='lat' dir='ltr'><strong>sociarumque</strong></span> <span class='ocrx_word' id='word_1_171' title='bbox 613 2741 748 2850; x_wconf 82' lang='lat' dir='ltr'><strong>gentium</strong></span> <span class='ocrx_word' id='word_1_172' title='bbox 773 2728 1059 2850; x_wconf 74' lang='lat' dir='ltr'><strong>motullaqsaverit,</strong></span> <span class='ocrx_word' id='word_1_173' title='bbox 1081 2742 1216 2804; x_wconf 80' lang='lat' dir='ltr'><strong>altiuscr</strong></span> 
     </span>
     <span class='ocr_line' id='line_1_23' title="bbox 201 2815 1225 2974; baseline 0.002 -64"><span class='ocrx_word' id='word_1_174' title='bbox 201 2851 334 2932; x_wconf 85' lang='lat' dir='ltr'><strong>pediam.</strong></span> <span class='ocrx_word' id='word_1_175' title='bbox 378 2849 502 2927; x_wconf 85' lang='lat' dir='ltr'><strong>Batavi,</strong></span> <span class='ocrx_word' id='word_1_176' title='bbox 525 2849 621 2912; x_wconf 88' lang='lat' dir='ltr'><strong>donec</strong></span> <span class='ocrx_word' id='word_1_177' title='bbox 639 2837 725 2974; x_wconf 82' lang='lat' dir='ltr'><strong>trans</strong></span> <span class='ocrx_word' id='word_1_178' title='bbox 744 2815 895 2912; x_wconf 86' lang='lat' dir='ltr'><strong>Rhenum</strong></span> <span class='ocrx_word' id='word_1_179' title='bbox 888 2841 1032 2933; x_wconf 82' lang='lat' dir='ltr'><strong>agebant</strong></span> <span class='ocrx_word' id='word_1_180' title='bbox 1051 2871 1121 2932; x_wconf 88' lang='lat' dir='ltr'><strong>pars</strong></span> <span class='ocrx_word' id='word_1_181' title='bbox 1134 2851 1225 2914; x_wconf 85' lang='lat' dir='ltr'><strong>Chat·</strong></span> 
     </span>
    </p>
   </div>
   <div class='ocr_carea' id='block_1_3' title="bbox 198 2973 450 2989">
    <p class='ocr_par' dir='ltr' id='par_1_10' title="bbox 198 2973 450 2989">
     <span class='ocr_line' id='line_1_24' title="bbox 198 2973 450 2989; baseline -0.004 -7"><span class='ocrx_word' id='word_1_182' title='bbox 198 2975 303 2989; x_wconf 49' lang='grc' dir='ltr'><strong>,μα-ο</strong></span> <span class='ocrx_word' id='word_1_183' title='bbox 309 2973 450 2984; x_wconf 51' lang='grc' dir='ltr'><strong>-σαιο--ι</strong></span> 
     </span>
    </p>
   </div>
   <div class='ocr_carea' id='block_1_4' title="bbox 139 2967 1226 3282">
    <p class='ocr_par' dir='ltr' id='par_1_11' title="bbox 139 2967 1225 3282">
     <span class='ocr_line' id='line_1_25' title="bbox 277 2967 1225 3094; baseline 0 -22"><span class='ocrx_word' id='word_1_184' title='bbox 277 3023 315 3075; x_wconf 83' lang='grc' dir='ltr'><strong>ι5</strong></span> <span class='ocrx_word' id='word_1_185' title='bbox 332 3017 470 3076; x_wconf 75' lang='lat' dir='ltr'><strong>Asiaticos</strong></span> <span class='ocrx_word' id='word_1_186' title='bbox 498 3023 579 3094; x_wconf 83' lang='lat' dir='ltr'><strong>assim]</strong></span> <span class='ocrx_word' id='word_1_187' title='bbox 599 3023 731 3076; x_wconf 72' lang='lat' dir='ltr'><strong>Asiaticus</strong></span> <span class='ocrx_word' id='word_1_188' title='bbox 755 3003 842 3093; x_wconf 87' lang='lat' dir='ltr'><strong>aeque</strong></span> <span class='ocrx_word' id='word_1_189' title='bbox 869 3039 902 3076; x_wconf 85' lang='lat' dir='ltr'><strong>ac</strong></span> <span class='ocrx_word' id='word_1_190' title='bbox 918 2967 1005 3076; x_wconf 78' lang='lat' dir='ltr'><strong>Vaius</strong></span> <span class='ocrx_word' id='word_1_191' title='bbox 1027 3022 1117 3074; x_wconf 81' lang='lat' dir='ltr'><strong>vivore</strong></span> <span class='ocrx_word' id='word_1_192' title='bbox 1144 3023 1225 3074; x_wconf 86' lang='lat' dir='ltr'><strong>susti-</strong></span> 
     </span>
     <span class='ocr_line' id='line_1_26' title="bbox 139 3111 1225 3194; baseline -0.007 -25"><span class='ocrx_word' id='word_1_193' title='bbox 139 3187 141 3194; x_wconf 57' lang='lat'><strong>.</strong></span> <span class='ocrx_word' id='word_1_194' title='bbox 202 3120 266 3169; x_wconf 84' lang='lat' dir='ltr'><strong>nuit</strong></span> <span class='ocrx_word' id='word_1_195' title='bbox 290 3125 320 3172; x_wconf 88' lang='lat' dir='ltr'><strong>et</strong></span> <span class='ocrx_word' id='word_1_196' title='bbox 345 3118 473 3170; x_wconf 82' lang='lat' dir='ltr'><strong>infamiae</strong></span> <span class='ocrx_word' id='word_1_197' title='bbox 491 3135 555 3169; x_wconf 92' lang='lat' dir='ltr'><strong>suae</strong></span> <span class='ocrx_word' id='word_1_198' title='bbox 573 3134 711 3188; x_wconf 76' lang='lat' dir='ltr'><strong>superesse</strong></span> <span class='ocrx_word' id='word_1_199' title='bbox 741 3119 911 3185; x_wconf 84' lang='lat' dir='ltr'><strong>concupivit,</strong></span> <span class='ocrx_word' id='word_1_200' title='bbox 939 3114 987 3167; x_wconf 90' lang='lat' dir='ltr'><strong>sed</strong></span> <span class='ocrx_word' id='word_1_201' title='bbox 1016 3113 1089 3166; x_wconf 93' lang='lat' dir='ltr'><strong>hunc</strong></span> <span class='ocrx_word' id='word_1_202' title='bbox 1115 3111 1225 3194; x_wconf 70' lang='lat' dir='ltr'><strong>quiden:</strong></span> 
     </span>
     <span class='ocr_line' id='line_1_27' title="bbox 142 3203 1226 3282; baseline -0.004 -20"><span class='ocrx_word' id='word_1_203' title='bbox 142 3203 146 3212; x_wconf 70' lang='grc'><strong><em>’</em></strong></span> <span class='ocrx_word' id='word_1_204' title='bbox 202 3213 318 3262; x_wconf 83' lang='lat' dir='ltr'><strong>victores</strong></span> <span class='ocrx_word' id='word_1_205' title='bbox 335 3210 408 3260; x_wconf 90' lang='lat' dir='ltr'><strong>cruci</strong></span> <span class='ocrx_word' id='word_1_206' title='bbox 425 3209 586 3278; x_wconf 77' lang='lat' dir='ltr'><strong>adigendum</strong></span> <span class='ocrx_word' id='word_1_207' title='bbox 603 3210 781 3262; x_wconf 83' lang='lat' dir='ltr'><strong>tradiderunt.</strong></span> <span class='ocrx_word' id='word_1_208' title='bbox 816 3211 910 3282; x_wconf 87' lang='lat' dir='ltr'><strong>Itaque</strong></span> <span class='ocrx_word' id='word_1_209' title='bbox 926 3211 997 3262; x_wconf 81' lang='lat' dir='ltr'><strong>enim</strong></span> <span class='ocrx_word' id='word_1_210' title='bbox 1010 3209 1142 3262; x_wconf 84' lang='lat' dir='ltr'><strong>rationem</strong></span> <span class='ocrx_word' id='word_1_211' title='bbox 1162 3223 1226 3258; x_wconf 92' lang='lat' dir='ltr'><strong>con-</strong></span> 
     </span>
    </p>
   </div>
   <div class='ocr_carea' id='block_1_5' title="bbox 110 3271 1226 4137">
    <p class='ocr_par' dir='ltr' id='par_1_12' title="bbox 204 3271 1226 3571">
     <span class='ocr_line' id='line_1_28' title="bbox 204 3271 1225 3376; baseline -0.004 -20"><span class='ocrx_word' id='word_1_212' title='bbox 204 3307 276 3356; x_wconf 86' lang='lat' dir='ltr'><strong>tinet</strong></span> <span class='ocrx_word' id='word_1_213' title='bbox 290 3307 441 3356; x_wconf 86' lang='lat' dir='ltr'><strong>sententiae</strong></span> <span class='ocrx_word' id='word_1_214' title='bbox 460 3319 474 3352; x_wconf 92' lang='lat' dir='ltr'><strong>a</strong></span> <span class='ocrx_word' id='word_1_215' title='bbox 490 3305 590 3356; x_wconf 88' lang='lat' dir='ltr'><strong>tectore</strong></span> <span class='ocrx_word' id='word_1_216' title='bbox 610 3271 793 3374; x_wconf 75' lang='lat' dir='ltr'><strong>suppleridae3</strong></span> <span class='ocrx_word' id='word_1_217' title='bbox 809 3321 878 3376; x_wconf 88' lang='lat' dir='ltr'><strong>quae</strong></span> <span class='ocrx_word' id='word_1_218' title='bbox 893 3303 949 3356; x_wconf 91' lang='lat' dir='ltr'><strong>fere</strong></span> <span class='ocrx_word' id='word_1_219' title='bbox 962 3304 1030 3356; x_wconf 86' lang='lat' dir='ltr'><strong>baec</strong></span> <span class='ocrx_word' id='word_1_220' title='bbox 1040 3302 1131 3358; x_wconf 82' lang='lat' dir='ltr'><strong>fuerit</strong></span> <span class='ocrx_word' id='word_1_221' title='bbox 1153 3297 1225 3353; x_wconf 82' lang='lat' dir='ltr'><strong>Ideo&#39;s</strong></span> 
     </span>
     <span class='ocr_line' id='line_1_29' title="bbox 204 3396 1226 3469; baseline -0.005 -15"><span class='ocrx_word' id='word_1_222' title='bbox 204 3402 326 3454; x_wconf 83' lang='lat' dir='ltr'><strong>Asiatico</strong></span> <span class='ocrx_word' id='word_1_223' title='bbox 346 3399 507 3454; x_wconf 83' lang='lat' dir='ltr'><strong>rsonls&#39;crss‘t.</strong></span> <span class='ocrx_word' id='word_1_224' title='bbox 526 3397 606 3451; x_wconf 84' lang='lat' dir='ltr'><strong>conf</strong></span> <span class='ocrx_word' id='word_1_225' title='bbox 626 3400 655 3450; x_wconf 83' lang='grc' dir='ltr'>Α</span> <span class='ocrx_word' id='word_1_226' title='bbox 675 3397 986 3469; x_wconf 78' lang='lat' dir='ltr'><strong>x1,17.xv,1.‚xvt</strong></span> <span class='ocrx_word' id='word_1_227' title='bbox 1010 3402 1047 3455; x_wconf 80' lang='lat'><strong>18.</strong></span> <span class='ocrx_word' id='word_1_228' title='bbox 1071 3396 1124 3448; x_wconf 86' lang='lat' dir='ltr'><strong>Sed</strong></span> <span class='ocrx_word' id='word_1_229' title='bbox 1144 3402 1226 3449; x_wconf 82' lang='lat' dir='ltr'><strong>restat</strong></span> 
     </span>
     <span class='ocr_line' id='line_1_30' title="bbox 205 3487 1223 3571; baseline 0 -27"><span class='ocrx_word' id='word_1_230' title='bbox 205 3493 290 3548; x_wconf 80' lang='lat' dir='ltr'><strong>aliud</strong></span> <span class='ocrx_word' id='word_1_231' title='bbox 326 3493 546 3546; x_wconf 79' lang='lat' dir='ltr'><strong>A&#39;dditamentunr</strong></span> <span class='ocrx_word' id='word_1_232' title='bbox 565 3496 589 3547; x_wconf 85' lang='lat' dir='ltr'><strong>s&#39;s</strong></span> <span class='ocrx_word' id='word_1_233' title='bbox 605 3493 728 3558; x_wconf 80' lang='lat' dir='ltr'><strong>libertus,</strong></span> <span class='ocrx_word' id='word_1_234' title='bbox 747 3491 821 3565; x_wconf 83' lang='lat' dir='ltr'><strong>quod</strong></span> <span class='ocrx_word' id='word_1_235' title='bbox 839 3495 891 3548; x_wconf 88' lang='lat' dir='ltr'><strong>lam</strong></span> <span class='ocrx_word' id='word_1_236' title='bbox 907 3494 1029 3550; x_wconf 84' lang='lat' dir='ltr'><strong>Ernestio</strong></span> <span class='ocrx_word' id='word_1_237' title='bbox 1046 3487 1223 3571; x_wconf 82' lang='lat' dir='ltr'><strong>suspicionem</strong></span> 
     </span>
    </p>

    <p class='ocr_par' dir='ltr' id='par_1_13' title="bbox 110 3571 1224 3944">
     <span class='ocr_line' id='line_1_31' title="bbox 110 3571 1222 3662; baseline -0.004 -19"><span class='ocrx_word' id='word_1_238' title='bbox 110 3655 114 3662; x_wconf 23' lang='grc' dir='ltr'>ι</span> <span class='ocrx_word' id='word_1_239' title='bbox 204 3593 307 3654; x_wconf 79' lang='lat' dir='ltr'><strong>anovit,</strong></span> <span class='ocrx_word' id='word_1_240' title='bbox 325 3607 374 3660; x_wconf 85' lang='lat' dir='ltr'><strong>ego</strong></span> <span class='ocrx_word' id='word_1_241' title='bbox 391 3571 440 3660; x_wconf 81' lang='lat' dir='ltr'><strong>pro</strong></span> <span class='ocrx_word' id='word_1_242' title='bbox 460 3592 587 3644; x_wconf 81' lang='lat' dir='ltr'><strong>‘t&#39;actstno</strong></span> <span class='ocrx_word' id='word_1_243' title='bbox 605 3591 700 3662; x_wconf 84' lang='lat' dir='ltr'><strong>utique</strong></span> <span class='ocrx_word' id='word_1_244' title='bbox 719 3609 774 3643; x_wconf 90' lang='lat' dir='ltr'><strong>non</strong></span> <span class='ocrx_word' id='word_1_245' title='bbox 793 3602 915 3660; x_wconf 80' lang='lat' dir='ltr'><strong>agnosco.</strong></span> <span class='ocrx_word' id='word_1_246' title='bbox 951 3587 1019 3641; x_wconf 81' lang='lat' dir='ltr'><strong>Nam</strong></span> <span class='ocrx_word' id='word_1_247' title='bbox 1046 3603 1077 3640; x_wconf 83' lang='lat' dir='ltr'><strong>ca</strong></span> <span class='ocrx_word' id='word_1_248' title='bbox 1102 3587 1182 3638; x_wconf 82' lang='lat' dir='ltr'><strong>verba</strong></span> <span class='ocrx_word' id='word_1_249' title='bbox 1203 3607 1222 3637; x_wconf 42' lang='lat' dir='ltr'><strong>*a</strong></span> 
     </span>
     <span class='ocr_line' id='line_1_32' title="bbox 204 3668 1222 3758; baseline -0.006 -20"><span class='ocrx_word' id='word_1_250' title='bbox 204 3689 310 3758; x_wconf 78' lang='lat' dir='ltr'><strong>legente</strong></span> <span class='ocrx_word' id='word_1_251' title='bbox 327 3688 435 3754; x_wconf 82' lang='lat' dir='ltr'><strong>nonnisi</strong></span> <span class='ocrx_word' id='word_1_252' title='bbox 454 3668 583 3750; x_wconf 59' lang='lat' dir='ltr'><strong>adeum.</strong></span> <span class='ocrx_word' id='word_1_253' title='bbox 615 3689 662 3756; x_wconf 90' lang='lat' dir='ltr'><strong>qui</strong></span> <span class='ocrx_word' id='word_1_254' title='bbox 689 3693 751 3738; x_wconf 84' lang='lat' dir='ltr'><strong>ante</strong></span> <span class='ocrx_word' id='word_1_255' title='bbox 781 3690 937 3740; x_wconf 87' lang='lat' dir='ltr'><strong>nominatus</strong></span> <span class='ocrx_word' id='word_1_256' title='bbox 961 3691 1018 3757; x_wconf 71' lang='lat' dir='ltr'><strong>est,</strong></span> <span class='ocrx_word' id='word_1_257' title='bbox 1045 3681 1079 3734; x_wconf 84' lang='lat' dir='ltr'><strong>ad</strong></span> <span class='ocrx_word' id='word_1_258' title='bbox 1100 3683 1222 3734; x_wconf 86' lang='lat' dir='ltr'><strong>llltenom</strong></span> 
     </span>
     <span class='ocr_line' id='line_1_33' title="bbox 205 3775 1224 3850; baseline -0.007 -19"><span class='ocrx_word' id='word_1_259' title='bbox 205 3781 321 3844; x_wconf 82' lang='lat' dir='ltr'><strong>Varum,</strong></span> <span class='ocrx_word' id='word_1_260' title='bbox 340 3784 433 3834; x_wconf 79' lang='lat' dir='ltr'><strong>ecferri</strong></span> <span class='ocrx_word' id='word_1_261' title='bbox 452 3789 581 3850; x_wconf 76' lang='lat' dir='ltr'><strong>possunts</strong></span> <span class='ocrx_word' id='word_1_262' title='bbox 599 3789 706 3834; x_wconf 82' lang='lat' dir='ltr'><strong>atvero</strong></span> <span class='ocrx_word' id='word_1_263' title='bbox 725 3797 780 3832; x_wconf 87' lang='lat' dir='ltr'><strong>non</strong></span> <span class='ocrx_word' id='word_1_264' title='bbox 798 3781 861 3832; x_wconf 88' lang='lat' dir='ltr'><strong>Vari</strong></span> <span class='ocrx_word' id='word_1_265' title='bbox 881 3780 994 3830; x_wconf 86' lang='lat' dir='ltr'><strong>libertus</strong></span> <span class='ocrx_word' id='word_1_266' title='bbox 1012 3775 1145 3829; x_wconf 74' lang='lat' dir='ltr'><strong>Asiaticus</strong></span> <span class='ocrx_word' id='word_1_267' title='bbox 1167 3779 1224 3827; x_wconf 81' lang='lat' dir='ltr'><strong>eset</strong></span> 
     </span>
     <span class='ocr_line' id='line_1_34' title="bbox 205 3871 1221 3944; baseline -0.008 -16"><span class='ocrx_word' id='word_1_268' title='bbox 205 3875 253 3928; x_wconf 87' lang='lat' dir='ltr'><strong>sed</strong></span> <span class='ocrx_word' id='word_1_269' title='bbox 273 3877 386 3928; x_wconf 87' lang='lat' dir='ltr'><strong>Vitellii</strong></span> <span class='ocrx_word' id='word_1_270' title='bbox 405 3875 474 3930; x_wconf 86' lang='lat' dir='ltr'><strong>Vide</strong></span> <span class='ocrx_word' id='word_1_271' title='bbox 490 3877 532 3939; x_wconf 86' lang='lat'><strong>11,</strong></span> <span class='ocrx_word' id='word_1_272' title='bbox 561 3878 602 3941; x_wconf 84' lang='lat'><strong>59</strong></span> <span class='ocrx_word' id='word_1_273' title='bbox 621 3878 664 3944; x_wconf 86' lang='grc'><strong>95</strong></span> <span class='ocrx_word' id='word_1_274' title='bbox 699 3876 738 3928; x_wconf 77' lang='lat' dir='ltr'><strong>Ea</strong></span> <span class='ocrx_word' id='word_1_275' title='bbox 761 3872 844 3928; x_wconf 85' lang='lat' dir='ltr'><strong>his</strong></span> <span class='ocrx_word' id='word_1_276' title='bbox 834 3874 901 3942; x_wconf 81' lang='lat' dir='ltr'><strong>apsis</strong></span> <span class='ocrx_word' id='word_1_277' title='bbox 926 3873 993 3926; x_wconf 89' lang='lat' dir='ltr'><strong>locis</strong></span> <span class='ocrx_word' id='word_1_278' title='bbox 1020 3871 1221 3942; x_wconf 79' lang='lat' dir='ltr'><strong>interpolatoris</strong></span> 
     </span>
    </p>

    <p class='ocr_par' dir='ltr' id='par_1_14' title="bbox 113 3965 1222 4137">
     <span class='ocr_line' id='line_1_35' title="bbox 113 3965 1222 4043; baseline -0.004 -23"><span class='ocrx_word' id='word_1_279' title='bbox 113 4034 117 4043; x_wconf 35' lang='grc' dir='ltr'>Ι</span> <span class='ocrx_word' id='word_1_280' title='bbox 205 3969 337 4020; x_wconf 85' lang='lat' dir='ltr'><strong>monitum</strong></span> <span class='ocrx_word' id='word_1_281' title='bbox 356 3971 465 4022; x_wconf 80' lang='lat' dir='ltr'><strong>ducturo</strong></span> <span class='ocrx_word' id='word_1_282' title='bbox 484 3978 531 4022; x_wconf 86' lang='lat' dir='ltr'><strong>est</strong></span> <span class='ocrx_word' id='word_1_283' title='bbox 567 3969 649 4024; x_wconf 83' lang='lat' dir='ltr'><strong>Paulo</strong></span> <span class='ocrx_word' id='word_1_284' title='bbox 666 3977 729 4020; x_wconf 84' lang='lat' dir='ltr'><strong>ante</strong></span> <span class='ocrx_word' id='word_1_285' title='bbox 746 3968 882 4040; x_wconf 79' lang='lat' dir='ltr'><strong>superfuit</strong></span> <span class='ocrx_word' id='word_1_286' title='bbox 899 3977 1088 4041; x_wconf 78' lang='lat' dir='ltr'><strong>estsupsrsses</strong></span> <span class='ocrx_word' id='word_1_287' title='bbox 1098 3965 1170 4038; x_wconf 82' lang='lat' dir='ltr'><strong>fuis</strong></span> <span class='ocrx_word' id='word_1_288' title='bbox 1191 3967 1222 4016; x_wconf 84' lang='lat' dir='ltr'><strong>ut</strong></span> 
     </span>
     <span class='ocr_line' id='line_1_36' title="bbox 205 4051 907 4137; baseline 0.004 -22"><span class='ocrx_word' id='word_1_289' title='bbox 205 4065 233 4126; x_wconf 86' lang='grc' dir='ltr'><strong>Ι,</strong></span> <span class='ocrx_word' id='word_1_290' title='bbox 253 4081 294 4117; x_wconf 79' lang='lat' dir='ltr'><strong>ss</strong></span> <span class='ocrx_word' id='word_1_291' title='bbox 313 4065 510 4135; x_wconf 72' lang='lat' dir='ltr'><strong>superfluarum</strong></span> <span class='ocrx_word' id='word_1_292' title='bbox 527 4051 575 4136; x_wconf 80' lang='lat' dir='ltr'><strong>pro</strong></span> <span class='ocrx_word' id='word_1_293' title='bbox 592 4066 760 4137; x_wconf 79' lang='lat' dir='ltr'><strong>superstitem</strong></span> <span class='ocrx_word' id='word_1_294' title='bbox 774 4065 907 4133; x_wconf 77' lang='lat' dir='ltr'><strong>futurum</strong></span> 
     </span>
    </p>
   </div>
   <div class='ocr_carea' id='block_1_6' title="bbox 0 0 1448 4726">
    <p class='ocr_par' dir='ltr' id='par_1_15' title="bbox 0 0 1448 4726">
     <span class='ocr_line' id='line_1_37' title="bbox 0 0 1448 4726; baseline 0 0"><span class='ocrx_word' id='word_1_295' title='bbox 0 0 1448 4726; x_wconf 95' lang='lat' dir='ltr'><strong> </strong></span> 
     </span>
    </p>
   </div>
  </div>
 </body>
</html>
