2890 4728
560 437 633 498 nn.
655 437 694 504 v.
718 413 964 516 canas-aa.
1187 423 1254 507 asa‘
1344 452 1346 459 s

174 634 179 642 ·
223 612 337 674 bellum
357 618 553 691 corruerint,
578 619 796 702 Vespasianum
818 639 921 679 rerum
941 619 1051 699 potiri:
1074 620 1119 678 sin
1147 641 1246 712 popu.
1257 595 1294 708 la
1303 619 1330 669 C·
1351 621 1404 694 τως)

121 803 131 810 .
222 720 284 780 lum
304 722 587 784 Romanum'armis
608 735 731 802 vocent,
767 733 892 806 quotam
915 733 1029 804 partem
1050 724 1167 802 generis
1189 723 1247 785 h‘n·

221 827 304 887 mani
324 831 451 908 Batavos
472 839 558 894 esse?
579 817 764 913 respicerent
785 823 902 900 Raetos⁴
914 831 1102 912 Noricosque
1117 841 1146 891 et
1168 842 1249 892 cete·

220 951 325 992 rorum
351 957 444 998 onera
467 940 638 998 sociorum:
670 936 729 998 sibi
750 956 814 996 non
835 935 952 996 tributa
972 931 1191 998 sed'virtutem
1217 949 1249 998 et

190 1039 301 1113 5viros
329 1041 433 1102 indici.
478 1043 655 1102 Proximum
688 1039 719 1099 id
749 1037 905 1118 libertati3
938 1049 967 1100 et
998 1039 1022 1098 si
1055 1039 1247 1101 dominorum

220 1147 327 1208 electio
348 1149 405 1226 sit,
429 1149 584 1212 honestius
604 1149 758 1230 prinsipes
777 1149 983 1209 Romanorum
1005 1169 1095 1228 quam
1120 1151 1246 1214 Germa·

218 1250 326 1314 norum
347 1257 474 1318 feminas
494 1258 631 1318 tolerari.
673 1257 754 1318 Haec
774 1257 889 1338 volgus.
930 1257 1073 1316 Proccres
1095 1255 1247 1316 atrociore

188 1345 194 1350 ⁴
217 1359 319 1421 Civilis
342 1361 428 1421 rabie
450 1375 543 1424 semet
565 1365 594 1422 in
615 1384 701 1422 arma
722 1375 839 1440 trusos3
863 1361 949 1421 illum
974 1362 1143 1422 domesticis
1161 1360 1246 1420 malis

166 1535 169 1540 ¹
215 1465 364 1525 excidium
383 1470 478 1548 gentis
511 1467 695 1548 opposuisse.
738 1469 826 1527 Tunc
857 1468 990 1529 infensos
1011 1468 1128 1528 Batavis
1158 1467 1242 1544 deos,

169 1591 282 1630 iocum
303 1571 517 1634 obsiderentur
538 1574 691 1655 legiones,
714 1574 953 1636 interficerentur
986 1573 1093 1656 legati,
1130 1571 1243 1633 bellum

55 1665 60 1672 ”
125 1742 129 1750 A
212 1678 266 1736 uni
287 1677 509 1768 necessarium,
526 1677 621 1738 ferale
642 1680 712 1760 ipsis
732 1689 916 1740 sumeretur.
960 1677 1159 1739 Ventumad
1191 1699 1242 1740 ex-

212 1792 328 1862 trema,
350 1783 382 1843 ni
403 1784 581 1868 resipiscere
601 1762 749 1868 incipiant
771 1797 801 1855 et
822 1789 904 1847 noxii
925 1787 1031 1868 eapitis
1053 1808 1150 1868 poena
1165 1808 1241 1869 pae.

142 1883 200 1964 26
214 1893 371 1980 nitentiam
390 1895 552 1962 fateantur.
593 1895 621 1954 N
626 1917 665 1956 on
687 1893 792 1955 fefellit
813 1894 940 1956 Civilem
961 1915 996 1954 ea
1015 1893 1181 1981 inclinatio,
1209 1905 1241 1956 et
1279 1881 1283 1889 ⁵

211 2000 390 2076 praevenire
410 2003 533 2078 statuit,
553 2023 641 2082 super
658 1999 794 2060 taedium
806 1999 958 2060 malorum
972 2000 1062 2058 etiam
1084 2023 1135 2080 spe
1146 2006 1238 2080 vitae,

94 2091 97 2097 ¹
161 2101 196 2164 15
209 2125 286 2184 quae
308 2105 487 2186 plerumque
505 2090 630 2184 magnos
650 2105 766 2163 animos
781 2095 927 2182 infringit.
967 2103 1065 2164 Petito
1084 2105 1248 2188 colloquio

152 2275 158 2288 ,
210 2209 362 2270 scinditur
383 2199 525 2269 Nabaliae
545 2207 677 2274 fluminis
700 2229 795 2289 pons3
831 2211 862 2268 in
895 2208 980 2266 cuius
1010 2209 1137 2289 abrupta
1165 2234 1237 2292 pro·
1276 2247 1280 2255 =

151 2311 153 2315 ’
209 2317 299 2396 gressi
319 2313 423 2389 duces,
441 2323 470 2372 et
492 2314 595 2372 Civilis
616 2313 657 2372 ita
679 2313 790 2392 coepit.
837 2310 896 2384 „Si
917 2310 997 2388 apud
1019 2309 1132 2372 Vitellii
1154 2313 1236 2397 lega.

206 2415 270 2479 tum
294 2419 491 2494 defenderer,
508 2441 605 2501 neque
629 2420 709 2480 facto
734 2437 801 2478 meo
823 2418 909 2477 venia
931 2437 1029 2499 neque
1047 2401 1141 2480 dictis
1158 2421 1235 2484 'fides
1263 2473 1282 2495 ,¹

207 2525 385 2586 debebatur.
429 2528 548 2588 Cuncta
585 2527 665 2584 inter
684 2545 756 2607 ,nos
788 2517 1150 2600 inimiea'hostilia„ab
1182 2526 1234 2588 illo

154 2669 192 2708 20
206 2645 325 2715 coepta,
348 2651 433 2694 ame
458 2639 546 2689 aucta
570 2639 667 2689 erant.
710 2629 791 2709 Erga
807 2627 1025 2707 Vespasianum
1046 2637 1133 2688 vetus
1158 2619 1254 2692 mihi‘

205 2740 418 2816 observantia3
452 2747 481 2796 et
512 2757 581 2797 eum
612 2737 746 2818 privatus
780 2745 877 2812 esset,
913 2735 1012 2814 amici⁸
1031 2735 1228 2798 vocabamur.

122 2831 125 2836 Δ
206 2842 271 2917 Hoc
284 2844 396 2902 ,Primo
409 2845 543 2902 Antonio
567 2855 683 2921 notum,
703 2845 789 2903 euius
810 2843 941 2924 epistolis
961 2841 999 2902 ad
1014 2841 1128 2903 bellum
1145 2843 1256 2907 actus*

204 2969 294 3024 sum,
329 2970 367 3008 ne
399 2949 597 3010 Germanicae
628 2951 759 3030 legiones
780 2960 809 3009 et
830 2949 1116 3010 Gallica.iuventus
1137 2937 1241 3029 Alpes
1313 2945 1318 2965 ⁹

202 3053 442 3120 transcenderet.
485 3055 570 3132 Quae
591 3053 743 3116 Antonius
763 3054 909 3138 epistolis,
930 3041 1124 3114 Hordeonius
1139 3054 1228 3114 Flac·

150 3170 188 3230 25
201 3181 252 3220 cus
267 3181 406 3244 praesens
419 3163 573 3239 monebat,
587 3184 669 3222 arma
681 3161 711 3222 in
723 3164 888 3246 Germania
904 3165 993 3240 movi,
1016 3181 1093 3244 quae
1110 3161 1228 3221 Mucia·

170 3262 177 3268 ’
200 3259 307 3329 ausin
328 3265 430 3348 Syria,
453 3272 588 3350 Aponius
607 3272 638 3330 in
649 3270 774 3347 Moesia,
795 3267 958 3351 Flavianus
982 3269 1011 3326 in
1029 3268 1224 3328 Pannonia.“

140 3501 143 3504 ”
205 3531 209 3540 ·
236 3501 238 3508 ‘
270 3521 307 3572 ¹7·
332 3505 469 3568 Vitellium
488 3505 548 3568 M2,
566 3515 594 3560 et
612 3507 653 3560 25.
673 3493 772 3568 movit,
792 3515 820 3558 et
838 3509 879 3562 26.
897 3508 927 3558 in
949 3509 1051 3573 panio,
1075 3521 1129 3556 non
1147 3507 1222 3558 Pan·

197 3603 291 3656 ironia.
330 3577 410 3653 Paulo
428 3607 490 3652 ante
511 3602 567 3672 (aa)
586 3603 665 3669 vulga
684 3603 778 3676 legunt
798 3603 902 3652 accitus
921 3598 964 3647 Ma
978 3599 1074 3650 invito.
1098 3605 1103 3611 '
1167 3603 1170 3610 “

928 3798 936 3840 l
967 3761 971 3766 .

582 3862 828 3876 W
