2890 4728
74 493 122 564 '.
229 459 291 526 ate
444 427 449 444 '
545 419 836 514 ‘auricolae

226 634 399 718 ingentibus
431 631 539 715 gladiis
566 639 597 692 et
627 629 772 692 brevibus
802 630 894 690 cetris
919 627 1044 688 missilia
1075 635 1248 688 nostrerum

225 744 323 804 vitare
342 741 391 804 rel
410 751 567 815 excutere,
589 749 681 820 atque
700 740 764 819 ipsi·
779 757 918 819 magnam
945 737 1008 796 vim
1033 731 1170 795 telorum
1195 755 1247 796 su·

221 849 422 932 perfundere,
455 849 552 910 donec
582 844 728 928 Agricola
757 853 819 906 tres
843 846 1029 904 Ratarorum
1051 843 1191 902 cobortes
1211 863 1248 903 ao

222 958 422 1039 Tungrorum
444 955 518 1017 duas
539 953 802 1026 cohortalinam,
825 961 859 1010 ut
876 967 942 1028 rem
963 949 1003 1008 ad
1027 969 1190 1010 mucrones
1210 971 1248 1010 ae

219 1083 327 1124 manus
346 1063 547 1136 adducerent;
572 1063 655 1144 quod
676 1071 706 1120 et
727 1061 798 1142 ipsis
819 1068 968 1120 vetustate
985 1057 1112 1116 militiae
1132 1057 1279 1120 exerui-5

218 1181 315 1231 tatum
336 1181 367 1231 et
386 1170 521 1231 hostibus
542 1169 694 1245 inhabile,
718 1189 815 1250 parva
836 1176 922 1228 scuta
954 1175 985 1226 et
1005 1185 1147 1226 enormes
1179 1163 1246 1244 gla-

219 1274 285 1335 dios
307 1275 493 1354 gerentibus.
537 1276 617 1336 Nam
636 1277 854 1335 Britannorum
884 1270 977 1354 gladii
1003 1271 1068 1331 siue
1100 1293 1247 1333 mucrone

218 1379 408 1460 complexum
428 1403 584 1444 armorum
606 1379 690 1443 et'iu
712 1391 783 1441 arto
804 1399 937 1462 pugnans
965 1399 1027 1440 non
1060 1379 1244 1444 tolerabant.

216 1486 317 1567 igitur
337 1496 372 1545 'ut
389 1488 495 1549 Batavi
516 1491 642 1549 miscere
663 1490 756 1566 ictus,
778 1487 867 1546 ferire
884 1483 1082 1556 umbonibus,
1104 1505 1161 1546 ora
1182 1486 1244 1548 foe·

216 1590 305 1669 dare,
326 1601 358 1652 et
374 1595 477 1655 stratis
498 1592 602 1674 quiin
625 1613 723 1673 aequo
744 1591 940 1664 obstiterant,
962 1591 1080 1672 erigere
1100 1590 1132 1650 in
1153 1589 1243 1652 colles
1256 1609 1296 1652 so

214 1699 308 1758 aciem
329 1717 471 1780 coepere,
507 1709 629 1786 ceterae
657 1698 796 1759 cobortes
824 1697 1029 1760 aemulatione
1058 1705 1091 1758 et
1125 1701 1241 1780 impetn

215 1804 396 1866 commixtae
417 1807 568 1888 proximos
587 1827 726 1889 quosque
746 1806 888 1866 caedere:
921 1827 957 1865 ac
977 1804 1119 1888 plerique
1149 1807 1242 1872 semi.

215 1931 302 1972 neces
324 1927 376 1973 aut
395 1915 502 1995 integri
524 1911 717 1974 festinatione
737 1912 885 1974 victoriae
905 1910 1168 1994 relinquebantur.
1188 1913 1243 1970 lu·

212 2017 304 2076 terim
335 2020 472 2099 equiturn
504 2029 640 2098 turmae,
674 2045 694 2080 s
714 2019 818 2100 fugere
838 2017 1003 2093 romanii,
1040 2018 1175 2100 pediturn
1208 2036 1243 2080 se
1351 2053 1355 2062 ·

210 2169 453 2188 -'·-··-—·-s=-

299 2259 323 2310 3.
341 2269 396 2312 tres
415 2255 578 2313 Rhenanuss
606 2255 650 2308 tt
669 2271 726 2328 per.

296 2354 321 2408 8·
340 2353 371 2405 in
388 2365 484 2423 aperto
499 2329 545 2405 lib
566 2361 594 2404 et
612 2351 672 2416 dli,
690 2350 844 2402 emendavit
865 2351 908 2401 Fr.
923 2347 1052 2400 Mediees.

172 2439 174 2442 ’
279 2461 319 2498 ιο.
335 2447 432 2499 stratis
448 2443 605 2504 Ernestiusr
622 2447 666 2496 ΔΕ
685 2453 714 2497 et
730 2445 773 2496 Vb
792 2447 906 2508 nassis,
926 2445 964 2495 Vs
980 2444 1070 2499 tretis·
1104 2498 1107 2506 ,

283 2542 322 2608 sd.
334 2543 436 2613 sugere
453 2540 599 2611 eutimii]
614 2541 735 2607 copiose
753 2549 782 2594 et
798 2539 939 2592 subtiliter
958 2541 993 2592 de
1009 2539 1062 2592 boe
1074 2539 1137 2592 loco
1146 2537 1241 2610 disprs-

209 2634 278 2686 lerit
294 2633 449 2693 Walchius,
468 2634 512 2682 eui
532 2631 570 2680 ita
588 2633 735 2698 mentior,
754 2640 785 2682 nt
804 2632 921 2700 primum
938 2633 1060 2705 equitum
1077 2645 1183 2688 werse
1204 2634 1239 2686 de

149 2787 153 2792 Ι
210 2729 389 2780 Romanorum
407 2723 531 2794 equitatu
552 2723 617 2786 dici,
635 2722 735 2776 deinde
743 2725 849 2796 sugere
868 2724 902 2776 ad
925 2727 1085 2779 scrinarios
1101 2729 1240 2797 pertinere
1294 2743 1298 2748 '

210 2835 242 2882 sc
260 2815 389 2870 nonnihil
407 2824 479 2868 ante
490 2815 601 2868 verbum
615 2817 755 2880 excidisse,
775 2819 896 2892 denique
912 2821 1027 2888 hostium
1045 2824 1158 2892 agmina
1180 2823 1240 2872 Bri-

209 2920 355 2966 tannorum
376 2927 433 2962 esse
451 2909 603 2963 concedam.
640 2912 693 2964 Sed
713 2913 785 2964 idern
805 2916 847 2966 vir
865 2916 1063 2966 eruditissimus
1091 2925 1133 2968 tot
1155 2915 1239 2969 verba

210 3006 385 3077 sntesugers
405 3004 553 3068 excidisse,
586 3015 655 3076 quot
684 3008 744 3074 ipse
770 3008 910 3076 opinatur,
939 2993 1030 3080 nedae
1057 3011 1239 3081 mihi‘neque

210 3099 273 3153 sliis
290 3100 370 3155 facile
386 3102 565 3168 persuaserit3
584 3117 674 3170 neque
694 3101 780 3170 (qnod
797 3102 869 3154 idem
883 3103 991 3168 statuit)
1013 3103 1163 3156 covinarios
1174 3111 1239 3156 ante

210 3196 350 3266 inceptum
367 3197 499 3264 praelium
521 3211 554 3247 ex
570 3196 658 3249 medio
675 3213 769 3268 campo
794 3199 824 3249 in
850 3204 996 3269 utrumque
1024 3214 1107 3250 cornu
1136 3201 1238 3252 disces·

209 3291 275 3342 sisso
293 3291 388 3352 credo,
406 3291 487 3340 immo
505 3290 655 3342 scrinarios
674 3289 823 3358 incipiente
844 3308 934 3358 pugna
951 3309 1011 3343 oum
1023 3291 1167 3364 conpedit'e
1178 3291 1237 3342 ilri-

209 3392 369 3449 uasorum,
387 3386 437 3452 qui
455 3385 486 3436 in
507 3369 594 3457 dequo
613 3385 790 3450 constitet-ut,
809 3387 967 3438 commixtos
984 3389 1077 3438 statim
1098 3387 1132 3437 ab
1154 3386 1235 3438 initio

207 3475 334 3530 adversus
353 3479 484 3532 Romanos
501 3495 631 3548 pugnasse
651 3496 683 3530 ex
707 3487 763 3531 tota
790 3496 895 3549 pugnae
921 3481 1107 3550 descriptione
1140 3496 1235 3532 conse·

209 3572 318 3642 quitur:
349 3575 416 3642 quid
445 3576 516 3625 enim
542 3575 626 3642 magis
651 3573 796 3642 probabile
820 3583 860 3626 est
879 3593 959 3647 quarn
979 3595 1038 3640 eos,
1067 3579 1115 3646 qui
1144 3573 1234 3628 medie

207 3666 298 3734 tempi
314 3667 481 3736 complebant
501 3669 664 3738 (corruerit),
683 3671 785 3739 quique
805 3671 835 3722 in
851 3689 940 3740 aequo
960 3675 1142 3726 constiterunt
1164 3671 1234 3739 (pri-

206 3776 280 3816 mum
298 3759 419 3830 peditum
437 3763 562 3832 agmen),
584 3763 724 3814 commisso
743 3765 847 3833 praelio
869 3760 986 3835 primurn
1005 3784 1020 3817 a
1038 3766 1168 3818 'Romanis
1184 3781 1234 3834 pe·

206 3853 274 3906 tltos
293 3850 373 3905 esse?
404 3853 517 3928 Neque,
543 3864 574 3907 ut
601 3857 639 3908 ita
667 3863 835 3921 statuamus,
859 3859 990 3928 prohibet
1007 3861 1076 3912 ratio
1095 3859 1236 3920 historica,

207 3947 290 4002 lsnmo
308 3947 413 4009 suadet,
430 3965 489 4002 cum
507 3949 637 4001 eoviuarii
659 3957 712 4002 tam
732 3960 824 4006 eontra
835 3953 941 4024 pedites
955 3972 1035 4024 quam
1052 3963 1143 4008 contra
1154 3946 1233 4023 equiss

208 4048 250 4096 iss
267 4049 433 4116 pugnarent,
455 4050 482 4094 et
500 4044 528 4094 iu
541 4042 694 4114 fisudendis
711 4047 773 4100 telis
791 4046 867 4117 (inde
886 4037 968 4121 'atque
986 4049 1049 4118 ipsi,
1071 4050 1089 4102 i,
1110 4064 1133 4100 e.
1153 4043 1245 4118 pedi·.
