2886 4726
228 417 288 479 260
586 405 877 469 lllSTOlllAllUM

72 606 98 666 (a
112 599 140 652 C.
161 602 213 672 7⁰·)
226 595 282 656 sibi
303 605 336 655 ut
356 593 425 656 duci
448 592 565 650 caelesti
589 589 746 648 crederent
786 588 925 666 Lprimo,
951 583 1036 642 cuius
1056 581 1166 641 anxilio
1189 603 1255 642 cre·

225 703 330 764 dentes
361 707 533 782 praesentes
565 697 701 755 miserias
722 694 931 776 pepulissent}
972 697 1136 752 Assensere
1165 699 1255 770 atquc

223 807 360 868 omnium
383 805 479 888 ignari
501 803 663 864 fortuitum
684 805 742 862 iter
763 800 924 879 incipiunt.
966 797 1025 857 Sed
1053 793 1131 854 nibil
1160 817 1257 878 aeque

222 937 313 997 quam
336 912 436 993 inopia
458 930 553 990 aquae
574 908 727 989 fatigabat.
773 908 896 985 lamque
917 901 1001 963 band
1021 898 1129 982 procul
1166 903 1257 962 exitio

221 1025 292 1080 totis
312 1020 424 1098 campis
441 1014 683 1096 procubuerant,
715 1032 786 1071 cnm
816 1031 888 1092 gres
909 1009 1064 1068 asinorum
1093 1012 1286 1088 agrestium5

222 1149 239 1188 e
260 1139 349 1210 pastu
372 1130 401 1186 in
425 1145 531 1206 rupem
548 1143 672 1182 nemore
684 1141 809 1202 opacam
829 1117 984 1179 concessit.
1026 1117 1152 1176 Secutus
1165 1120 1256 1199 Moy-

222 1255 267 1292 ses
286 1235 458 1292 coniectura
487 1229 607 1290 herbidi
639 1229 695 1288 soli
722 1226 820 1308 largas
848 1245 1001 1308 aquarum
1028 1244 1119 1284 venas
1147 1226 1254 1305 aperit.

223 1340 258 1398 ld
280 1339 437 1412 levamen3
458 1347 487 1396 et
509 1337 690 1395 continuum
711 1355 760 1393 sex
780 1333 897 1393 dierum
911 1334 970 1391 iter
983 1332 1107 1404 emensi,
1130 1333 1255 1411 septimo

220 1445 313 1526 pulsis
333 1443 502 1503 cultoribus
523 1442 686 1501 obtinuere
706 1451 802 1500 terras
824 1441 854 1498 in
875 1439 942 1520 quis
963 1438 1037 1498 urbs
1058 1449 1088 1499 et
1107 1436 1254 1518 templum
1421 1455 1424 1568 1

222 1552 331 1612 dicata.
373 1551 493 1630 Moyses
524 1569 585 1629 quo
617 1547 674 1608 sibi
711 1547 742 1606 in
775 1557 930 1628 posterum
960 1557 1079 1627 gentem
1108 1544 1290 1626 firmaret,4

217 1683 487 1702 ..-----—--

220 1757 344 1816 videtur,
366 1759 412 1814 ut,
431 1757 575 1820 postquam
594 1749 680 1801 sibine
697 1751 872 1802 coniunctum
892 1755 920 1799 et
941 1750 971 1800 in
989 1748 1083 1800 silmst
1101 1753 1257 1817 corruptum

221 1859 293 1911 erat,
314 1849 343 1900 id
362 1865 377 1898 a
397 1847 517 1898 librariis
535 1862 584 1912 pro
604 1846 768 1915 compendio
789 1845 960 1916 pronominis
987 1844 1094 1896 sibimet
1121 1845 1258 1912 accipere·

220 1955 273 1996 tur.
310 1945 367 1994 lloc
383 1945 471 2010 ipsum
491 1948 563 1992 certe
585 1941 649 1992 lcrri
668 1943 782 2012 nequit:
803 1959 865 1992 naus
886 1942 909 1994 si
929 1942 985 1992 anis
1002 1942 1076 2008 ipsos
1093 1939 1256 1990 riribnslts·

221 2037 303 2088 dacos
324 2038 374 2084 niti
395 2034 500 2098 Moyses
518 2033 669 2094 voluisset,
690 2035 808 2100 primum
826 2049 882 2084 non
900 2033 1015 2086 dixisset
1043 2031 1185 2086 crederent
1208 2028 1255 2080 sed

222 2127 405 2204 confiderent,
427 2133 482 2176 tum
503 2141 536 2175 eo
556 2127 671 2177 consilio
690 2128 846 2178 auctoritati
865 2143 931 2180 suae
950 2145 1046 2197 parum
1067 2125 1251 2178 consuluisset

220 2223 275 2274 Sed
303 2227 388 2272 restat
412 2220 606 2290 gravissimum.
640 2217 708 2270 Nam
733 2222 755 2270 si
785 2221 965 2289 interpretum
988 2219 1186 2289 explicationes
1212 2233 1258 2268 re-

222 2315 376 2382 cognoveris
396 2327 499 2372 omnes,
518 2311 600 2361 lacile
618 2312 743 2365 invenies
760 2311 867 2362 nullum
888 2327 921 2362 ex
940 2311 1030 2362 verbis
1049 2313 1253 2382 primo-pepu-

222 2409 317 2458 lissent
333 2421 425 2455 sanam
443 2410 526 2474 atque
542 2402 607 2453 huic
624 2404 684 2452 loco
704 2415 795 2472 sptem
813 2405 976 2456 sententiam
996 2405 1135 2468 elicuisse,
1167 2421 1256 2474 qnan-

224 2517 302 2570 quam
320 2515 351 2549 ea
370 2514 419 2566 per
436 2513 465 2547 se
482 2504 602 2566 spectata
631 2498 692 2549 lnce
715 2499 829 2549 clariora
855 2499 986 2567 nullaque
1010 2501 1166 2553 coniectura
1192 2509 1257 2551 ten·

223 2593 306 2644 tanda
327 2598 399 2645 snut,
434 2589 465 2640 ld
481 2598 570 2643 antem
589 2591 657 2641 mihi
672 2593 787 2660 primum
805 2598 846 2643 est
862 2594 1084 2662 interpolationis
1104 2596 1257 2660 indicium

226 2690 340 2738 alterum
360 2686 470 2736 invenio
486 2686 515 2734 in
532 2685 666 2737 vocabulo
694 2685 852 2747 eredentes,
882 2687 957 2756 quod
982 2699 1045 2763 post
1069 2700 1256 2758 antegressum

226 2780 368 2834 crederent
403 2779 518 2830 moleste
551 2781 676 2844 recurrit,
707 2781 817 2830 tertium
853 2781 974 2854 denique
1001 2793 1059 2849 est,
1085 2785 1160 2856 qnod
1186 2784 1261 2836 nibil

225 2872 384 2944 praecedit,
402 2873 475 2924 nude
492 2874 663 2937 edoceamur,
683 2891 738 2944 quo
754 2877 842 2942 Moysi
862 2879 965 2930 anxilio
987 2879 1081 2932 ludaei
1098 2894 1259 2952 praesentes

227 2969 264 3038 (h.
283 2985 306 3050 e,
324 2969 465 3036 ἐναργεῖς)
485 2971 611 3022 miserias
628 2967 794 3036 pepulerint.
833 2969 911 3039 Quae
936 2976 1028 3025 omnia
1055 2979 1079 3028 si
1106 2974 1260 3038 considero,

217 3065 293 3138 ,mihi
311 3065 355 3117 rix
372 3062 486 3115 dubium
505 3064 612 3118 ridetur
632 3063 700 3114 hacc
718 3063 811 3116 addita
832 3083 891 3118 esse
909 3085 924 3118 a
944 3069 1099 3122 Christiano
1118 3071 1163 3122 vel
1185 3077 1258 3122 certe

225 3161 261 3210 ab
278 3160 388 3211 bomine
406 3161 436 3211 iu
453 3161 534 3212 sacris
554 3158 631 3210 libris
650 3167 772 3211 versato:
791 3163 814 3212 is
832 3163 904 3214 enim
924 3161 1036 3229 Moysen
1057 3165 1147 3216 voluit
1164 3166 1260 3216 admo·

224 3270 291 3306 nere
308 3255 432 3318 ludaeos,
451 3253 587 3324 quomodo
605 3257 663 3322 ipse
682 3255 818 3307 miraculis
841 3261 1019 3329 consiliisque
1040 3260 1069 3310 in
1087 3261 1210 3330 Aegypto
1229 3271 1259 3315 et
1321 3255 1325 3264 ’
1421 3247 1422 3260 ,

226 3349 258 3398 in
269 3349 365 3399 itinere
384 3349 472 3399 sdhnc
491 3349 614 3426 confecto
631 3365 676 3398 eos
691 3349 841 3402 adiuverit:
860 3354 985 3404 Tacitum
998 3355 1070 3406 enim
1089 3354 1158 3406 baec
1178 3357 1258 3422 igno-

225 3455 297 3491 rasse
321 3451 422 3492 certnm
440 3449 489 3492 est.
524 3440 612 3492 Verba
633 3445 771 3511 scriptoris
789 3453 816 3496 et
833 3448 1037 3515 interpolatoris
1056 3459 1182 3502 converte
1197 3451 1256 3502 sic:

224 3535 343 3586 sondern
364 3538 418 3589 ilsm
440 3539 538 3590 sollterr
554 3538 592 3588 sic
610 3539 653 3589 als
672 3540 758 3592 cinem
776 3541 882 3595 Frilrrer
899 3563 948 3598 aus
965 3544 1026 3598 deus
1060 3545 1175 3599 Hiramel
1191 3561 1259 3596 vcr-

225 3642 326 3680 tranen
350 3627 408 3700 [sta
426 3643 458 3679 er
474 3626 523 3678 der
539 3641 609 3680 erstc
632 3632 687 3692 ssi,
705 3649 743 3681 an
759 3629 859 3684 dassen
878 3637 961 3706 Hr'ilse
977 3637 1017 3690 sis
1044 3637 1174 3708 geglnubt
1197 3636 1260 3686 und

226 3719 351 3774 dadureh
369 3720 637 3790 augensclteirrliclres
655 3724 748 3777 Elend
766 3745 823 3778 von
842 3729 902 3780 sicli
934 3729 1110 3799 obgewendst
1137 3729 1253 3800 induem}

229 3813 307 3884 Quae
323 3815 479 3866 Waltherus
501 3817 529 3867 in
546 3819 707 3885 explicando
725 3818 779 3872 hnc
800 3821 860 3873 loco
888 3827 1052 3885 tentaverit,
1077 3839 1108 3874 ea
1139 3837 1171 3874 cx
1197 3824 1259 3892 ipso

230 3907 380 3959 lectoribus
398 3909 580 3976 cognoscenda
601 3911 789 3980 relinquimus.

320 4003 349 4052 6.
370 3997 413 4052 bla
429 4014 522 4071 pasto,
544 4011 614 4072 etp.
635 4007 701 4066 261,
722 4023 748 4072 ᾳ.
767 4005 861 4057 merito
879 4003 974 4066 cludis,
