2890 4728
576 327 665 391 CAP.
690 324 842 396 otkiso·
1159 332 1219 396 297

279 509 424 570 Omnium
447 509 558 572 barum
573 513 708 594 gentium
726 509 838 572 virtute
857 507 1013 590 praecipui
1035 507 1139 575 Batavi
1157 530 1217 580 non
1273 565 1275 570 .

197 613 327 676 multum
350 639 387 678 err
407 619 492 700 ripa,
514 619 717 680 sed-insulam
738 615 836 678 Rheni
857 618 954 677 amnia
975 615 1100 692 colunt,
1124 615 1219 680 Chat-

197 731 298 783 torum
312 725 474 806 quondam
495 725 625 809 populus
646 737 675 786 et
699 725 847 786 seditione
866 723 1030 786 domestica
1050 726 1082 784 in
1105 743 1153 784 eas
1172 743 1220 784 se·

199 830 251 891 des
272 821 490 916 transgressus,
522 836 553 894 in
575 834 686 916 quibus
705 850 774 914 pars
790 832 924 893 Romani
954 829 1073 912 imperii
1099 830 1229 895 fiarent.-

197 937 300 1000 Manet
324 938 419 1002 honos
441 951 470 1001 et
488 943 630 1021 antiquae
648 938 948 1020 sooietatis‘iusiguer
975 955 1051 996 rnatu
1080 937 1134 998 nec
1162 937 1240 998 tri-·

196 1043 275 1106 bulis
297 1059 544 1126 contemnuntur,
565 1069 622 1109 neo
642 1033 822 1134 publicanus
841 1047 952 1106 atterit.
993 1044 1219 1125 Exemptione-
1225 1055 1228 1060 ‘

196 1149 280 1212 ribus
298 1163 328 1214 et
351 1153 586 1233 collationibus,
614 1164 655 1214 et
664 1160 783 1216 tantum
803 1153 834 1213 in
858 1174 946 1214 usum
969 1150 1151 1232 praeliorum
1172 1163 1225 1212 se·'

195 1260 304 1338 positi,
327 1257 409 1322 velut
429 1260 488 1322 tela
509 1271 635 1344 atque
619 1281 724 1340 arma,
756 1234 839 1322 bellis
855 1269 1070 1324 reservantur
1110 1258 1195 1318 Est
1186 1271 1226 1318 ιιι·
1312 1248 1315 1257 ’

196 1364 301 1428 eodem
317 1366 465 1448 obsequio
486 1377 516 1428 et
533 1367 747 1436 Mattiacorum
765 1385 845 1448 geas.
887 1366 1017 1427 Protulit
1050 1355 1130 1426 enim
1152 1385 1228 1424 ma.¹
1281 1411 1283 1418 .

152 1472 324 1550 aegritudo
346 1473 451 1554 populi
472 1474 599 1536 Romani
613 1473 693 1534 ultra
713 1471 1008 1553 Rhenumultraque
1031 1481 1220 1534 veterestor-

78 1594 89 1607 “
141 1581 146 1602 ‘
193 1578 291 1638 arianos
323 1580 442 1660 imperii
469 1581 683 1650 reverentiam.
732 1580 778 1640 lta
798 1577 873 1642 sada
902 1578 1071 1659 finibusque
1103 1579 1134 1638 in
1167 1599 1225 1638 sua*

194 1685 276 1767 ripa,
299 1696 399 1749 meato
418 1688 580 1770 animoque
599 1687 756 1765 nobiseum
778 1694 887 1768 agunt,
906 1695 1005 1774 cetera
1027 1682 1138 1745 similes
1160 1681 1221 1741 Ba.

193 1795 280 1868 lavis,
304 1795 360 1853 nisi
378 1793 459 1877 quod
480 1795 544 1877 ipso
567 1794 665 1858 adhue
682 1804 788 1856 terrae
807 1791 964 1882 sarae-solo
981 1799 1012 1854 et
1031 1789 1225 1854 caeloacrius‘
1308 1821 1310 1826 v

8 1919 10 1944 ³
118 1893 121 1899 '¹
193 1901 373 1964 animantur.
396 1943 400 1950 ·

150 2005 184 2066 15
275 2011 346 2072 Non
362 2014 585 2076 numeraverim
598 2014 680 2074 inter
691 2012 872 2074 Germaniae
885 2008 1026 2090 populos,
1047 2027 1219 2090 quanquam
1271 2067 1273 2072 ,

193 2130 280 2182 traua
301 2119 439 2181 Rhenum
462 2115 701 2194 Danubiumque
722 2111 913 2173 consederint
922 2115 937 2186 ,'
963 2113 1095 2192 eosqui
1127 2111 1221 2170 decu.

195 2235 291 2288 mutes
322 2213 422 2303 agros
441 2231 592 2282 exercent.
634 2219 816 2280 Levissimus
852 2215 981 2298 quisque
1004 2199 1161 2276 Gallorum
1192 2225 1222 2276 et

153 2379 157 2387 ,
196 2331 296 2412 inopia
318 2326 413 2392 audax
434 2327 544 2388 dubiae
565 2323 765 2407 possessionis
783 2325 879 2386 solum
911 2337 1106 2404 oocupavere.
1151 2324 1221 2384 Mox
1263 2342 1266 2348 ·

128 2429 133 2440 ¹
196 2438 295 2501 limite
318 2447 387 2500 aeto
418 2427 625 2518 promotisque
654 2433 857 2516 praesidiis'
829 2454 917 2497 sanus
930 2433 1062 2516 imperii
1093 2443 1143 2494 et
1153 2443 1225 2516 pars

150 2542 367 2632 aoprovinciae
393 2546 553 2608 habentur.

133 2637 186 2715 30
278 2655 364 2718 Ultra
384 2651 554 2742 hostatti
574 2650 784 2714 initiumsedis
800 2607 839 2712 ab
853 2647 1220 2733 Hercyniosaltuinoh'o·
1283 2723 1286 2730 1

196 2770 270 2834 aut,
292 2781 352 2820 non
373 2761 414 2820 ita
435 2733 536 2820 effusis
556 2780 590 2820 ac
606 2759 795 2855 palustribus
820 2756 911 2836 locis,
944 2767 979 2816 ut
1008 2766 1125 2818 ceterae
1146 2757 1224 2818 civi·

197 2879 294 2940 tates,
304 2869 351 2946 in
368 2887 443 2946 quas
464 2860 624 2930 Germania
644 2868 787 2950 patescit,
820 2867 934 2928 durant
955 2865 1103 2947 siquidem
1127 2864 1226 2928 colles

196 2973 403 3056 paulatimque
425 2983 605 3050 rarescuat3
634 2986 670 3034 et
692 2975 815 3036 Chattos
849 2995 918 3035 suos
939 2971 1030 3034 'saltus
1054 2973 1232 3056 Hercynius·

149 3074 189 3138 25
197 3081 392 3162 prosequitur
412 3077 500 3157 simul
521 3089 611 3160 atque
631 3078 775 3172 deponitq‘
810 3081 944 3142 Durioru
975 3081 1226 3161 genti'eorpor·a,'
1296 3123 1297 3130 r

185 3184 293 3257 ,stricti
319 3195 413 3264 aptus,
440 3185 538 3246 minax
559 3185 669 3249 voltus,
682 3197 711 3247 et
727 3187 828 3258 ‚maior
851 3184 950 3250 animi,
962 3185 1056 3264 vigur·
1074 3161 1218 3254 Multum,
1260 3185 1268 3195 '

197 3303 230 3350 ut
250 3281 329 3352 inter
353 3293 535 3369 Germanos,
553 3293 680 3352 rationis
701 3313 736 3352 ao
756 3291 914 3354 solertiae:
938 3309 1125 3372 praeponere
1143 3269 1227 3347 elea·
1255 3357 1257 3362 Ι

197 3409 262 3476 tos,
287 3399 393 3461 audire
412 3391 619 3482 praepositos,
654 3421 741 3460 nosse
762 3400 907 3480 ordines,
938 3397 1108 3478 intelligere
1132 3403 1220 3454 noca}
1300 3442 1302 3450 s

95 3561 99 3567 .
155 3525 157 3530 ’
196 3506 311 3582 aiones,
335 3507 460 3572 differre
479 3510 627 3590 impetus,
649 3505 810 3590 disponere
829 3503 930 3587 diem,
953 3502 1066 3564 vallare
1087 3513 1219 3578 noctem,

197 3623 414 3696 ᾳ--τψ

226 3798 229 3806 ,
271 3719 310 3794 ri:
326 3759 496 3798 »sumeremus
512 3742 557 3804 -Τ,
574 3745 772 3798 numeravimus
790 3743 811 3794 V
836 3741 910 3797 roas.

266 3837 307 3903 at.
323 3837 523 3908 paottartmqaa
534 3835 699 3895 Rhenanus:
719 3836 824 3892 codices
840 3822 989 3907 paula'tim..
1002 3835 1065 3892 Μαι
1092 3837 1134 3889 ιδ.
1162 3834 1229 3887 aot·

196 3931 248 3982 mis
267 3928 300 3979 H,

544 4125 552 4173 l
