2914 4724
541 417 616 480 ΜΒ.
638 417 663 485 1.
686 419 776 481 CAP.
799 425 931 490 so-sss.
1205 430 1246 496 68

154 567 207 648 87
303 592 390 656 Otho
401 559 538 658 ‘ton-rata
558 597 684 662 urhe'at
704 601 840 682 expensis
856 598 931 662 helii
952 602 1105 679 consiliis,
1126 607 1247 688 mando
1260 613 1287 686 (ι
1304 611 1332 666 c.
1354 613 1410 686 σῃ.)

218 699 551 793 Ρεηίῃεεχῦοῑῑὶαηιιε
563 701 662 786 ‚Alpes
683 714 715 766 et
734 707 829 770 ceteri
852 705 1021 768 Galliarum
1043 707 1143 772 addus
1155 711 1249 774 Vitel-

218 809 306 871 lienis
326 807 505 872 exercitibus
525 808 763 885 claudebantur,
790 813 1019 876 Narbonensem
1039 813 1172 880 Galliam
1189 820 1248 882 ad.

216 913 302 996 gredi
320 918 443 995 statuit,
463 901 558 979 clas'se
578 915 679 979 valida
699 927 733 977 et
753 919 891 999 partibus
909 919 984 996 lida,
1014 921 1098 1002 quod
1115 923 1250 1008 reliquos

187 1021 373 1086 Scaesorum
395 1023 436 1084 ad
454 1033 582 1106 pontem
602 1021 754 1084 Mulvium
763 1033 794 1084 et
814 1023 940 1086 saeuitia
959 1028 1077 1092 Galbae
1093 1029 1127 1092 iu
1146 1041 1248 1092 custo·

180 1119 183 1124 ¹
215 1129 298 1193 diam
324 1129 444 1193 habitos
468 1134 501 1195 in
524 1152 670 1194 numeros
700 1129 824 1215 legionis
852 1147 1078 1218 composuerat,
1108 1139 1189 1202 lacte
1217 1150 1250 1202 et

26 1229 33 1298 'f
100 1219 101 1222 ¹
141 1315 143 1318 ἡ
190 1242 194 1254 ”
214 1239 393 1320 ceterisspe
413 1239 621 1301 honoratioris
638 1241 832 1322 inposterum
845 1243 979 1304 militiae.
1021 1243 1148 1308 Addidit
1160 1245 1247 1308 classi

123 1351 124 1356 ’
215 1343 349 1405 urbanas
371 1345 516 1407 cohortes
534 1356 567 1406 et.
580 1343 739 1430 plerosque
758 1349 998 1429 epraetorianis,
1020 1353 1101 1413 vires
1111 1354 1248 1418 etrohur

212 1437 358 1510 exercitus
379 1460 470 1532 atque
488 1451 562 1532 ipsis
580 1449 708 1514 ducibus
718 1452 879 1516 consillum
889 1463 920 1516 et
929 1456 1079 1522 custodes.
1121 1463 1247 1524 Summa

169 1551 408 1634 toexpeditionis
424 1557 563 1618 Antonio
585 1556 735 1638 Novello,
768 1559 884 1622 Suedio
908 1559 1055 1626 Clementi
1076 1567 1248 1652 primipila-

209 1658 304 1739 ribus,
327 1661 456 1724 Aemilio
476 1663 614 1740 Pacensi,
637 1665 688 1726 cui
708 1665 890 1749 ademptum
909 1669 1040 1732 aGaiha
1053 1675 1244 1744 tribunatum
1301 1725 1305 1732 =

128 1763 129 1768 ’
208 1765 405 1847 reddiderat,
426 1757 585 1849 permissa.
630 1769 744 1832 Curam
766 1771 893 1844 narium
915 1773 1012 1837 Orcus
1030 1775 1157 1844 libertus
1176 1785 1244 1846 rsti-

145 1952 147 1958 y
207 1873 309 1950 nebat,
333 1873 372 1936 ad
392 1873 616 1938 observandam
636 1873 847 1943 honestiorum
864 1877 957 1944 iidem
967 1885 1140 1951 comitatum.
1164 1890 1244 1954 .Pe·

206 1980 304 2044 ditum
325 1982 525 2065 equitumque
545 1982 640 2066 copiis
660 1985 826 2062 Suetonius
845 1986 1010 2071 Paulinus,
1031 1992 1149 2058 Marius
1174 1998 1244 2060 Cel-

160 2092 274 2165 15sus,
296 2087 414 2148 Annius
433 2087 539 2148 Gallus
559 2101 691 2154 rectores
719 2091 875 2156 destinati.
916 2093 978 2156 Sed
1010 2095 1140 2178 piurima
1167 2102 1243 2164 fides

206 2190 326 2254 Licinio
346 2187 484 2255 Proculo
514 2194 659 2271 praetorii
688 2199 853 2279 praefecto.
894 2199 923 2258 la
952 2199 1088 2264 urbanae
1116 2204 1243 2272 militias

126 2317 131 2328 ’
206 2296 354 2379 impiger,
372 2293 530 2355 bellorum
550 2294 700 2376 insolens,
720 2303 934 2366 auctoritatem
952 2301 1088 2385 Paulini,
1107 2311 1244 2394 rigorem

209 2403 300 2480 Celsi,
323 2401 533 2464 maturitatem
553 2397 648 2480 Galli,
664 2411 699 2462 ut
719 2405 916 2486 cuiquamst,
941 2409 1143 2498 criminando,
1155 2421 1241 2500 quod
1269 2492 1270 2496 ,

205 2507 381 2572 facillimum
403 2507 489 2568 fectu
511 2516 567 2584 est,
590 2527 706 2589 pravus
728 2520 758 2570 et
777 2510 904 2574 callidus
924 2515 1021 2578 bonos
1042 2529 1072 2582 et
1091 2525 1241 2593 modestos

139 2603 350 2684 88anteihat.
371 2596 373 2606 ¹
392 2615 548 2698 Sepositus
576 2636 633 2698 pot
664 2638 714 2680 eos
746 2617 809 2682 dies
837 2623 996 2688 Cornelius
1017 2627 1176 2695 Dolabella
1207 2638 1239 2700 in

205 2727 358 2790 coloniam
381 2723 586 2805 Aquinatem,
610 2743 711 2808 neque
731 2733 798 2788 arta
821 2731 957 2794 custodie
978 2754 1077 2819 neque
1098 2738 1238 2820 obscura,

206 2829 325 2890 nultum
346 2828 386 2890 ob
405 2830 536 2915 crimen,
570 2826 624 2890 sed
651 2839 769 2896 vetusto
796 2837 918 2899 nomine
946 2846 976 2899 et
1009 2839 1238 2928 propinquitate

2 2956 11 3001 t
206 2936 535 2997 Geibaemonstretus.
577 2933 692 2998 Multos
710 2958 728 3000 e
748 2941 982 3024 magistratibus,
1005 2968 1144 3030 magnam
1163 2976 1237 3030 cca·

42 3019 44 3024 ,
204 3040 350 3107 suierium
370 3051 488 3123 partem
510 3039 613 3116 Otho,
638 3063 702 3102 non
722 3048 883 3130 participes
904 3061 956 3110 sut
979 3055 1133 3146 ministros
1154 3057 1235 3122 bello

154 3135 256 3206 25sed
276 3146 424 3206 comitum
443 3145 543 3226 speeie
562 3165 669 3206 secum·
681 3136 818 3232 expedire
842 3155 948 3237 iubet,
978 3157 1010 3216 in
1031 3160 1099 3240 quis
1121 3169 1152 3222 e't
1171 3167 1235 3228 Lu·
1315 3185 1316 3195 ¹

203 3249 285 3310 cium
305 3249 479 3330 Vitellium,
503 3249 609 3311 eodem
632 3273 694 3333 quo
716 3266 832 3318 ceteros
853 3258 949 3340 cultu,
969 3284 1025 3324 uec
1043 3275 1078 3326 ut
1100 3267 1234 3352 impera..

201 3357 274 3419 toris
295 3358 418 3422 fratrem
439 3377 494 3418 uec
513 3365 550 3424 ut
569 3357 675 3428 hostis.
717 3363 903 3444 Igiturmota
919 3369 1002 3435 urbis
1015 3391 1109 3452 cura;
1132 3380 1233 3446 nullu,

205 3463 282 3524 ordo
302 3473 384 3526 metu
404 3473 457 3524 aut
483 3463 619 3546 periculo
641 3486 761 3530 vacuus.
803 3471 973 3538 Primores
988 3491 1106 3566 senatus
1136 3501 1233 3554 aetate

174 3657 176 3662 ·
290 3657 314 3708 7.
333 3655 379 3710 spe
393 3638 414 3694 1.
433 3638 476 3692 Fr.
494 3639 666 3701 Gronovius:
684 3627 790 3712 codices
808 3631 877 3721 spes,

288 3735 313 3786 8.
330 3735 406 3788 vires
426 3731 463 3807 et]
482 3737 552 3790 viris
568 3750 599 3791 ut
615 3725 737 3808 codicem
756 3747 872 3800 correxit
888 3745 1005 3814 Lipsius.

274 3827 314 3884 13.
334 3832 476 3885 comatus
493 3832 514 3884 1.
532 3833 576 3886 Fr.
595 3834 762 3908 Gronovius:
779 3842 887 3894 codices
908 3843 1064 3902 immutatus
1090 3847 1133 3901 vel
1168 3849 1232 3902 imi-

204 3928 248 3967 tus
265 3919 310 3970 vel
326 3922 466 3998 invitatus.
485 3952 520 3966 ·-
539 3926 672 3982 Walthcri
691 3934 865 3996 coniectura,
880 3936 961 3992 simul
978 3937 1067 4008 dutus,
1085 3941 1130 3996 vei
1145 3957 1231 4012 prop·
1311 3973 1313 3978 ¹

154 4062 157 4067 ,
205 4017 247 4060 ter
265 4013 468 4069 collocationem
491 4021 632 4074 verborum
648 4027 760 4095 probari
781 4032 910 4100 nequit·
