2912 4730
528 400 602 464 ιιιι.
626 400 683 486 ιιι.
703 399 792 466 cnr,
813 371 949 464 ιιι-ιι.
1188 397 1246 462 ιιι

218 578 360 639 occurrit.
417 576 597 642 Othoniano
628 577 707 640 bello
739 577 941 640 Germanicus
972 573 1059 638 miles
1092 572 1249 638 moenibus
1262 576 1289 650 (a
1309 572 1341 628 C.
1354 567 1414 646 opt

218 683 468 760 Cremonensium
499 697 595 750 castra
627 709 699 766 sna,
731 687 836 748 castris
863 683 978 748 vallum
1009 685 1252 766 circumiecerat,

218 810 316 871 eaque
336 791 523 856 munimenta
547 813 653 854 rursus
673 801 811 854 auxerat.
854 790 994 868 Quorum
1015 800 1149 872 aspectu·
1177 789 1252 852 bae.

219 917 284 958 sere
303 899 443 974 victores,
466 902 594 962 incertis
607 899 733 962 ducibus
756 895 831 980 quid
851 897 998 962 iuberent.
1042 895 1251 982 lucipereop·

190 1009 432 1087 'ipngnationem
450 1009 526 1068 sesso
547 1027 606 1088 per
632 1007 714 1068 diem
745 1017 925 1086 noctemque
959 1004 1092 1066 exercitu
1121 1004 1252 1068 arduum

162 1177 168 1191 Ι
217 1120 249 1172 et
276 1110 363 1172 nullo
392 1113 474 1174 iuxta
505 1114 640 1176 subsidio
667 1131 787 1192 anceps.
828 1111 880 1172 Sin
900 1110 1080 1172 Bedriacum
1103 1097 1252 1190 redirent,

216 1216 426 1278 intolerandus
446 1228 508 1278 tam
530 1217 615 1299 longi
634 1215 856 1292 itinerislabor,
879 1227 909 1276 et
928 1215 1057 1281 victoria
1072 1215 1109 1276 ad
1127 1215 1253 1280 irritum

217 1323 444 1386 revolvebatur.
486 1325 609 1388 Munire
630 1333 748 1400 castre,
769 1322 801 1384 id
821 1343 942 1404 quoque
963 1323 1142 1406 propinquis
1156 1324 1253 1386 hosti·

216 1429 273 1492 bus
295 1429 546 1508 formidolosum,
575 1451 613 1490 ne
634 1429 787 1512 dispersos
807 1440 837 1490 et
864 1443 939 1510 opus
967 1427 1124 1493 molientes
1153 1431 1253 1494 subita

168 1537 376 1618 ineruptione
395 1537 568 1600 turbarent.
612 1537 700 1616 Quae
720 1557 813 1620 super
833 1546 943 1596 cuncta
963 1536 1101 1602 terrebat
1113 1542 1251 1623 ipsorum

214 1645 298 1706 miles
319 1643 445 1726 periculi
466 1667 557 1733 quam
571 1667 682 1710 rnnrne
703 1648 887 1727 patientior:
910 1645 1024 1728 quippe
1047 1649 1251 1728 ingrataquae

215 1762 299 1829 tuta,
316 1773 350 1812 ex
368 1755 538 1814 temeritate
558 1775 646 1834 spes3
680 1758 844 1836 omniaque
862 1753 965 1814 caedes
996 1761 1027 1814 et
1060 1751 1189 1816 volnera
1219 1764 1251 1816 et

148 1847 205 1930 27
216 1861 334 1940 sangnis
348 1859 496 1922 aviditate
516 1861 650 1942 praedae
662 1860 881 1942 pensabantur.
924 1861 993 1924 Huc
1007 1859 1165 1926 inclinavit
1181 1863 1251 1924 An-

213 1969 323 2055 tonius,
345 1967 484 2050 cingique
505 1959 618 2028 uallum
640 1989 753 2028 corona
775 1970 870 2030 iussit.
912 1969 1016 2030 Primo
1028 1971 1143 2053 sagittis
1154 1974 1250 2034 saxis.

163 2084 201 2146 15
213 2096 271 2157 que
293 2079 410 2138 eminus
424 2075 597 2152 certabant,
619 2078 735 2138 maiore
745 2077 962 2138 Flavianorum
976 2078 1117 2156 pernicie,
1129 2079 1160 2138 in
1174 2095 1250 2159 quos

216 2183 279 2244 tela
300 2184 429 2262 desuper
451 2183 656 2249 librabantur.
699 2188 771 2246 Mox
794 2182 910 2245 vallum
931 2193 1092 2264 portusque
1116 2181 1248 2266 legioni..

169 2339 174 2346 .
214 2289 275 2350 bus
293 2288 458 2364 adtribuit,
484 2297 516 2348 ut
538 2287 684 2348 discretus
705 2288 793 2348 labor
815 2289 908 2348 fortes
932 2289 1114 2370 ignavosque
1140 2289 1250 2354 distin·

216 2406 334 2478 gneret,
356 2405 446 2476 atque
468 2395 532 2474 ipsa
553 2393 745 2455 contentione
766 2393 885 2474 decoris
896 2395 1141 2458 accenderentur.
1163 2399 1247 2460 Pro-

98 2516 101 2521 ’
215 2504 295 2564 rima
319 2501 507 2563 bedriacenei
530 2501 598 2560 viae
609 2499 730 2560 tertiani
750 2501 970 2584 septimanique
989 2522 1153 2585 sumpsere,
1174 2505 1248 2568 dex·
1351 2565 1356 2572 „

149 2635 202 2678 ,ιο
215 2608 332 2670 teriora
354 2608 424 2668 valli
447 2606 608 2668 aetarnae
631 2607 756 2687 septima
772 2606 958 2686 Claudiana3
976 2610 1246 2684 tertiadecnmanos

181 2793 184 2805 Ι
215 2716 253 2776 ad
276 2715 452 2782 Brixianam
472 2726 591 2796 portam
614 2715 743 2795 impetus
762 2712 842 2780 tulit.
883 2714 1011 2782 Paulum
1038 2717 1109 2778 iude
1129 2740 1244 2796 morae,

154 2887 157 2896 ‚
216 2823 289 2884 duni
310 2805 345 2883 ex
365 2823 510 2906 proximis
535 2823 613 2904 egris
634 2823 745 2904 ligones
766 2821 928 2901 dolabrae,
950 2825 1049 2885 etalii
1070 2825 1161 2888 salnes
1181 2848 1245 2888 sos·

216 2929 321 3010 lasquc
341 2937 529 2990 convectant.
569 2931 650 2990 Turn
678 2931 765 2992 elatis
787 2951 878 3012 super
903 2931 1004 3014 capite
1034 2935 1126 2994 scutis
1152 2933 1244 2994 densa

216 3035 368 3098 testudine
402 3035 577 3096 succedunt.
624 3037 788 3098 Romanae
806 3039 951 3118 utrinque
979 3047 1074 3099 artes:
1103 3038 1245 3122 pondera

164 3129 356 3212 25saxornm
384 3141 546 3206 ·Vitelliani
581 3143 783 3224 provolvunt,
817 3145 979 3206 'disiectam
1015 3143 1245 3226 fluitantemque

215 3252 399 3316 testudinem
420 3253 533 3315 lanceis
552 3253 707 3334 contisque
722 3263 908 3329 scrutantur,
928 3251 1026 3329 donec
1047 3251 1145 3319 solnta
1159 3239 1248 3330 com-¹

151 3359 152 3376 ²
215 3381 294 3444 page
312 3369 466 3422 acutorum
489 3380 650 3441 exsangues
669 3359 722 3420 aut
744 3361 861 3425 laceros
890 3368 1120 3450 prosternerent
1146 3359 1242 3432 multa

216 3491 287 3530 oum
307 3479 417 3552 strage.
459 3452 623 3530 incesseret
644 3472 815 3546 cunctatio,
838 3471 869 3532 ni
893 3471 985 3534 duces
1005 3469 1082 3528 fesso
1105 3466 1194 3529 militi
1212 3479 1242 3529 et

218 3575 303 3638 velut
323 3576 426 3638 irritas
447 3555 671 3638 exhortationes
691 3577 837 3640 abnuenti
868 3577 1049 3638 Cremonam
1075 3587 1241 3640 monstras-
1346 3575 1349 3583 ‘
1412 3627 1418 3638 .

226 3737 428 3760 Μ
1011 3783 1015 3790 .

250 3865 252 3877 ‚
285 3819 309 3870 5.
319 3816 566 3890 fissos-'exercitu
586 3817 674 3879 Biia,
693 3825 721 3872 et
747 3835 791 3874 aar
808 3818 945 3888 legiones,
965 3834 1023 3882 ‚non
1043 3787 1170 3891 &gonsal
1186 3814 1239 3870 Μ’.

284 3908 327 3962 26.
345 3909 511 3981 concitisque
530 3909 587 3970 Ma,
607 3918 635 3962 ct
652 3926 678 3976 p.
702 3910 765 3991 152,
782 3927 807 3960 a.
827 3911 951 3962 Planius.

285 4017 327 4070 ²9·
347 4001 503 4058 Cremonam
522 4005 731 4072 monstrassent]
750 4005 860 4058 Tacitus
875 4021 928 4082 pro
951 4021 997 4058 sno
1018 4005 1158 4058 brevitatis
1182 4008 1238 4055 stu·
