2886 4726
442 417 596 480 narn
619 415 708 506 cac.
731 414 865 484 at-—ar
1024 474 1030 478 .
1121 416 1179 484 nc

155 597 325 678 praemissis
346 597 399 678 qui
420 607 534 678 pontes
549 609 578 672 et
600 597 714 657 viarum
740 605 865 678 angusta
888 591 1064 656 insiderent.
1120 595 1183 656 Pu*
1198 602 1224 671 (a
1243 601 1270 653 C.
1287 602 1356 686 69.)Ι
1436 573 1437 582 ¹

155 716 282 784 gnatum
306 702 395 786 longo
419 707 538 787 agmine
561 715 590 766 et
611 705 727 764 incerto
757 707 874 782 Marte,
905 703 1002 766 donec
1036 701 1182 784 praelium
1364 692 1366 702 ¹

155 831 215 870 nox
238 811 404 874 dirimeret.
458 813 607 874 Cohortes
629 810 797 873 Geldubam
818 788 998 891 perrexere,
1030 809 1194 873 rnaneuti-.

109 978 114 986 ,
155 917 246 992 bus‚:
264 929 299 978 ut
325 921 471 992 fuerans,
502 921 629 994 castris,
661 939 737 998 quae
766 917 939 996 relictorum
957 902 1031 976 'illic
1054 915 1183 976 militum

119 1027 307 1106 ‘5praesidio
330 1029 522 1088 tenebantur.
574 1026 644 1086 Non
672 1024 885 1102 eratldubiurn
906 1033 1051 1105 quantum
1074 1025 1103 1082 in
1130 1046 1178 1084 re-

154 1152 255 1213 gressu
271 1134 461 1210 discriminis
484 1133 656 1194 adeundum
676 1133 752 1192 foret
778 1132 1044 1220 frumentatoribus
1071 1131 1192 1220 onustis·

154 1239 370 1322 perculsisque.
413 1241 509 1302 Addit
526 1238 676 1300 exercitui·
694 1259 748 1298 suo
774 1238 886 1298 Vocula
908 1239 979 1298 mile
1012 1236 1142 1298 delectos
1165 1259 1182 1296 e

154 1349 261 1428 quinta
293 1359 320 1406 et
348 1331 454 1428 quintu
476 1345 599 1408 decuma
620 1344 786 1422 legionibus
807 1344 889 1426 apud
912 1346 1028 1406 Vetera
1046 1345 1180 1418 obsessis,

150 1453 332 1517 indomitum
366 1453 492 1514 militum
520 1433 703 1526 etducihus
735 1453 893 1517 infensum.
950 1452 1060 1512 Plures
1090 1475 1201 1533 quam„

105 1557 345 1624 miussumerat
372 1558 500 1638 profecti
522 1557 621 1638 palam
650 1559 679 1616 in
713 1558 831 1638 agmine
863 1559 1041 1618 fremebant.
1064 1581 1125 1620 non
1148 1581 1191 1620 ae-

151 1661 231 1722 ultra
252 1663 383 1740 famem,
414 1664 537 1724 insidias
556 1663 725 1746 legatorum
747 1665 940 1730 toleraturos.
985 1667 1026 1736 At
1053 1669 1105 1746 qui
1129 1688 1178 1725 re·

149 1768 332 1844 mensulam,
355 1773 489 1832 desertos
500 1793 530 1832 se
540 1772 670 1832 abducta
691 1781 777 1852 parte
797 1771 947 1853 legionum
959 1745 1207 1854 querebantursf

140 1875 268 1956 ·Duplcx
290 1877 360 1938 hinc
381 1879 509 1950 seditio,
533 1876 599 1937 aliis
623 1878 834 1938 revocantibus
857 1868 1025 1952 Voculam,
1050 1881 1112 1940 aliis
1129 1903 1178 1941 re.

48 2061 49 2064 Ἰ
151 1981 216 2042 dire
232 1983 261 2042 in
279 1994 382 2062 ,castra
402 1983 615 2056 abnuentibus.
643 1983 785 2042 'Interim
801 1981 905 2043 Civilis
917 1983 1025 2044 Vetera
1046 1989 1176 2044 circum-

82 2079 237 2160 36sedit.
279 2089 394 2150 Vocula
417 2090 587 2149 Geldubam
610 2100 702 2170 atque
733 2089 803 2148 inde
834 2088 1000 2155 Novesiurn
1023 2092 1178 2154 concessit.

152 2195 256 2255 Civilis
277 2195 357 2273 capit
379 2193 573 2267 Geldubam,
595 2215 661 2278 mox
683 2192 763 2252 haud
777 2190 880 2274 procul
895 2193 1025 2253 Novesio
1043 2196 1177 2272 equestri
1266 2221 1270 2224 ·

151 2300 265 2382 praelio
289 2313 432 2378 prospere
452 2297 587 2356 certavit.
637 2297 696 2354 Sed
720 2296 802 2354 miles
825 2294 964 2356 secundis
984 2295 1179 2380 adversisque

56 2417 76 2426 ²
150 2407 276 2488 perinde
316 2407 345 2464 in
376 2405 500 2463 exitium
535 2401 648 2461 ducum
681 2401 910 2462 accendebatur.
966 2403 1007 2462 Et
1027 2403 1177 2464 adventu

74 2594 75 2602 ἵ
149 2502 367 2597 quintanorum
397 2495 804 2592 quintadecumanorumque
831 2520 938 2570 auctae
969 2511 1100 2590 legiones
1121 2512 1189 2576 do·,
1262 2517 1264 2523 ⁴
1293 2518 1299 2532 ¹

26 2679 29 2694 ,
70 2616 285 2697 Γῄοηαῑίνοηι
307 2634 486 2704 exposcunt,
511 2629 667 2700 comperto
690 2619 850 2699 pecuniam
869 2641 886 2677 a
905 2614 1030 2680 Vitellio
1045 2618 1188 2680 missam..

147 2733 213 2792 Nec
234 2732 286 2791 diu
308 2739 468 2790 cunctatus
499 2727 692 2794 Hordeonius
724 2727 846 2788 nominc
871 2726 1046 2808 Vespasiani
1082 2712 1176 2788 dediti

148 2837 244 2920 quue
265 2841 460 2918 praecipuum
474 2835 537 2894 'fuit
557 2834 711 2896 seditionis
734 2831 928 2896 alimentum.'
965 2833 1061 2894 Effusi
1079 2837 1112 2906 'in
1127 2833 1175 2895 lu-

149 2965 221 3004 xum
240 2955 269 3004 et
292 2935 403 3024 epulas
422 2957 452 3002 et
483 2922 648 3002 nocturnos
680 2953 784 3002 coetus
812 2943 947 3003 veterem
976 2941 1008 3000 in
1030 2941 1173 3002 Hordeo.

149 3051 238 3112 nium
260 3048 344 3110 iram‘
358 3058 532 3126 renovant,
568 3070 623 3108 nac
650 3047 712 3108 ullo
742 3050 911 3131 legatorum
940 3043 1188 3108 tribunorumve

16 3149 18 3156 ¹
100 3170 140 3234 25
150 3159 295 3221 obsistere
313 3178 386 3217 auso
412 3159 534 3238 (quippo
550 3177 667 3216 omnem
685 3157 829 3238 pudorem
850 3178 907 3216 nox
919 3155 1079 3232 ademerat)
1102 3176 1174 3236 pro-

150 3277 285 3328 tractum
306 3285 322 3324 e
345 3263 444 3324 cubili
461 3261 656 3322 interficiunt.
710 3263 825 3324 Eadem
854 3265 884 3324 in
913 3264 1062 3326 Voculam
1083 3283 1184 3344 param

115 3377 117 3383 '
148 3375 284 3450 bantur,
316 3376 372 3452 nisi
393 3373 493 3434 servili
514 3373 619 3432 habitu
643 3391 695 3451 per
720 3372 858 3432 tenebras
876 3373 1031 3453 ignoratus
1053 3369 1182 3433 :evasis
1278 3417 1285 3443 ,

150 3491 202 3542 seti
245 3481 308 3541 Ubi
329 3480 577 3558 sedato'impetu
604 3487 705 3540 metus
734 3478 841 3549 rediit,
873 3479 1065 3538 centuriones
1097 3500 1166 3540 cum

151 3589 282 3670 epistolis
303 3587 340 3646 ad
361 3587 496 3663 ciyitatcs
519 3583 686 3644 Galliarum
709 3584 832 3656 misere,
869 3585 979 3644 auxilia
999 3606 1033 3644 ac
1057 3587 1180 3667 stipen.'

86 3692 140 3774 37
152 3695 200 3756 dia
224 3707 374 3762 oraturos.
428 3693 507 3777 lpsi,
535 3702 570 3754 ut
590 3703 634 3754 est
659 3690 762 3774 volgus
784 3693 846 3754 siue
878 3679 1000 3754 rectore
1029 3691 1180 3776 praeceps*

155 3837 398 3852 m

236 3939 260 4002 7.
280 3923 462 3994 perculsisque
480 3926 514 3978 A:
534 3925 618 3998 anta
635 3925 829 4006 periculisque.¹
858 3942 895 3978 aa.
922 3943 974 3998 que
999 3943 1047 3996 pro
1068 3943 1095 3978 se
1120 3923 1169 3974 me.

185 4059 208 4100 ‘,.
223 4016 260 4068 18.
277 4015 392 4087 proinde
413 4016 462 4068 Illa.
