2912 4730
223 405 265 474 74
592 407 882 473 Hlsronmnnm

63 593 89 658 {³
106 591 135 645 C·
152 592 209 667 ⁶9)
220 592 300 654 rium
322 589 386 650 eins
396 588 574 652 sDalmatia
586 591 806 675 Pannoniaque
819 589 1009 654 eremitibns.
1050 587 1153 650 Fuere
1163 603 1256 671 qnat-

220 705 292 759 tnor
311 693 463 778 legiones,
485 719 503 760 e
523 700 634 781 quibus
652 699 726 761 bina
746 699 831 762 milia
848 679 1029 782 praeniissa3
1050 699 1135 778 ipsae
1153 696 1257 758 modi-

219 805 263 866 cis
285 805 456 868 intervallis
478 808 701 890 sequebantur,
737 809 866 890 septima
896 827 915 866 a
938 804 1037 866 Galba
1065 805 1255 886 conscripta,

219 922 382 976 veteranae
400 915 563 978 undecima
585 937 622 978 ac
642 916 735 978 tertia
760 915 908 994 decuma,
941 925 972 976 et
993 913 1149 996 praecipui
1177 913 1257 972 fama

218 1020 488 1103 quartadecumani
508 1022 673 1087 rebellione
694 1025 872 1086 Britanniae
893 1043 1078 1106 compressa.
1120 1019 1287 1083 Addida-5

220 1139 270 1190 rat
289 1130 419 1214 gloriam
441 1131 527 1194 Nero
549 1131 686 1215 eligendo
706 1142 744 1193 ut
763 1134 958 1216 potissimos3
979 1130 1064 1192 uude
1083 1128 1175 1212 longa
1195 1125 1258 1190 illis

218 1257 289 1318 erga
307 1237 461 1302 Neronem
481 1240 567 1302 lides-
579 1251 610 1302 et
628 1252 732 1301 erecta
749 1242 780 1300 in
790 1222 952 1301 Othonem
972 1238 1086 1300 studim
1126 1235 1259 1318 Sedquo

218 1344 289 1427 plus
311 1349 425 1408 virium
445 1369 482 1409 nc
501 1347 634 1424 roboris,
658 1369 676 1408 e
699 1346 811 1434 fiducia
831 1347 961 1408 tarditas
980 1351 1092 1408 inerat.
1137 1344 1257 1426 Agmeu

219 1447 375 1530 legionum
397 1451 464 1512 alae
484 1450 691 1533 cohortesque
709 1450 958 1533 praeveniebant.
997 1451 1039 1510 Et
1060 1473 1093 1511 er
1104 1454 1169 1532 ipsa
1181 1451 1260 1512 urbe

219 1555 302 1616 band
332 1556 507 1638 spernenda
535 1577 666 1637 manus,
697 1557 834 1640 quinque
859 1556 1035 1638 praetoriae
1062 1555 1201 1618 cobortes
1227 1569 1259 1620 et
1272 1584 1308 1624 ru

136 1738 143 1750 Ι
191 1667 356 1749 ¹equiturn
377 1666 484 1728 vexilla
504 1688 574 1728 cnm
595 1666 716 1750 legione
744 1666 865 1748 prima,
896 1687 936 1726 ae
966 1663 1106 1726 deforme
1135 1665 1259 1748 iusuper

220 1773 377 1854 auxilinm,
399 1775 463 1838 dno
483 1774 568 1836 milia
580 1745 803 1858 gladiatorum,¹
815 1775 867 1836 sed
881 1795 935 1856 per
948 1771 1052 1834 civilia
1067 1794 1153 1834 arma
1165 1775 1256 1835 etiam

218 1887 333 1946 severis
354 1885 483 1948 ducibus
503 1896 695 1967 usurpatum.
739 1884 798 1946 His
818 1884 914 1966 copiis
930 1894 1033 1944 rector
1052 1881 1173 1942 additus
1192 1885 1256 1942 An·

218 1992 288 2054 nius
310 1991 435 2070 Gallus,
455 2013 527 2056 cum
546 1990 699 2054 Vestricio
721 1991 876 2072 Spurinna
896 1989 936 2050 ad
969 1989 1159 2071 occupandas
1177 1990 1254 2051 Padi
1326 2017 1334 2025 ’

217 2104 299 2182 ripas
319 2101 518 2183 praemissus,
537 2101 683 2183 qnoniam
703 2100 804 2182 prima
820 2099 1016 2160 consiliorum
1040 2099 1155 2160 frustra
1175 2101 1254 2161 ceci-
1267 2104 1303 2164 r5

124 2233 127 2240 ·
219 2195 346 2282 derant,
367 2214 559 2288 transgresso
579 2210 645 2268 iam
661 2205 754 2289 Alpes
776 2208 904 2270 Caecina
912 2251 926 2282 ,
957 2228 1050 2289 quem
1079 2209 1142 2268 sisti
1171 2208 1255 2268 intro

62 2374 68 2384 ,
219 2311 331 2374 Gallias
365 2333 452 2396 posse
482 2324 666 2395 speraverat.
708 2313 814 2395 Ipsum
849 2311 1007 2374 Othonem
1032 2312 1256 2374 comitabantur

160 2395 167 2410 Ι
219 2417 441 2501 speculatorum
462 2423 539 2482 lecta
559 2443 696 2504 corpora
716 2442 786 2483 cnm
808 2422 916 2482 ceteris
936 2423 1100 2503 praetoriis
1119 2419 1253 2482 cohorti·

220 2525 297 2602 bus,
331 2525 467 2584 veterani
494 2529 703 2607 epractorio,
738 2527 932 2588 classicorum
959 2529 1066 2606 ingens
1098 2548 1253 2590 numerus.

181 2621 186 2630 ¹
220 2629 285 2692 Nec
305 2629 349 2690 illi
370 2651 462 2712 segue
481 2642 534 2690 aut
553 2641 733 2712 corruptum
756 2630 829 2690 luxu
850 2633 928 2698 iter,
959 2629 1012 2690 sed
1034 2629 1130 2692 lorica
1153 2634 1301 2693 ferreaao

220 2755 294 2796 nsua
315 2745 377 2811 est,
399 2743 431 2794 et
452 2743 524 2795 ente
545 2735 630 2818 sigua
649 2736 807 2836 pedester,
837 2733 984 2796 horridus
1012 2737 1182 2821 incomptus
1206 2741 1252 2800 fa·

221 2859 351 2924 maeque
372 2841 532 2906 dissimilis.
572 2844 791 2906 Blandiebatur
813 2843 926 2926 coeptis
948 2844 1084 2924 fortuna,
1118 2869 1251 2930 possessa
1264 2825 1317 2907 19

221 2971 280 3032 per
299 2972 385 3014 mare
408 2963 439 3014 et
459 2974 549 3014 naves
570 2954 683 3014 maiore
703 2953 807 3014 ltaliae
825 2965 932 3036 parte,
954 2957 1075 3037 penitus
1093 2976 1190 3040 nsque
1213 2955 1252 3016 ad

221 3058 341 3120 initium
362 3061 586 3120 maritimarum
605 3057 739 3140 Alpium.
780 3059 899 3138 Quibus
909 3063 1060 3122 tentandis
1071 3062 1251 3143 adgredien-

222 3165 337 3249 dasque
358 3167 539 3249 provinciae
564 3165 757 3226 Narbonensi
784 3166 928 3227 Suedium
960 3167 1163 3246 Clementem,
1188 3163 1300 3232 Art-25

221 3275 339 3332 tunium
350 3270 517 3345 Nouellum,
538 3271 702 3334 Aemilium
723 3272 889 3334 Pacensem
909 3271 1003 3333 duces
1023 3272 1154 3336 dederat.
1189 3277 1253 3353 Sed
1348 3335 1350 3342 .

223 3378 363 3441 Pacensis
384 3399 440 3462 per
461 3375 613 3440 licentiam
637 3378 767 3440 militum
789 3381 929 3464 vinctus3
964 3383 1096 3443 Antonio
1124 3383 1250 3446 Novello

224 3483 307 3546 nulla
325 3487 502 3547 auctoritas·
522 3483 648 3548 Suedius
662 3485 800 3550 Clemens
810 3491 987 3552 ambitioso
979 3489 1102 3572 imperio
1115 3491 1250 3572 regebat,

223 3604 257 3654 ut
277 3593 421 3657 adversus
442 3591 622 3656 modestiam
642 3593 816 3678 disciplinae
838 3609 1019 3682 corruptus,
1051 3595 1093 3661 ita
1115 3596 1249 3696 praelio.

224 3700 429 3768 rumoridus.
471 3707 539 3768 Non
563 3703 650 3766 ltalia
670 3705 750 3766 adiri
782 3727 838 3768 nec
864 3705 931 3769 loca
959 3707 1105 3790 sedesque
1132 3707 1248 3790 patriae
1258 3716 1297 3778 50

224 3807 427 3870 videbantur·
446 3817 590 3894 tanquam
611 3821 735 3879 externa
746 3811 848 3877 littora
863 3824 895 3880 ct
909 3814 1000 3878 urbes
1015 3815 1145 3877 bostium
1160 3839 1249 3878 urere

225 3939 451 3958 m

294 4027 335 4084 aq.
354 4014 507 4083 corruptius
525 4017 581 4082 Ma,
602 4027 631 4073 ut
648 4039 669 4074 c,
690 4021 729 4074 23.
748 4027 914 4096 promptius,
933 4040 989 4078 uon
1003 4037 1148 4099 promptus.
