2890 4728
212 339 277 403 333
593 335 834 398 nsnrcousn

211 517 330 592 rantis,
350 514 465 576 caetum
486 513 583 592 ipsum
606 533 642 572 ae
663 534 748 588 mare
768 526 801 574 et
822 514 923 589 siivas,
942 516 1044 594 ignota
1064 523 1167 578 omnia
1180 525 1245 580 eir·

211 631 466 702 conspectantes,
487 617 606 678 clausos
624 621 851 701 quodammodo
878 645 915 681 sc
944 625 1062 684 vinctos
1093 625 1124 688 di
1153 629 1240 690 nubis

210 725 409 787 tradiderunt.
449 727 492 787 Ne
518 736 629 786 terrent
664 747 761 788 vanus
793 727 954 808 adspectus
980 739 1012 788 et
1042 717 1115 792 auri
1144 733 1243 818 [nigor

210 843 301 912 atque
320 831 463 914 urgenti,
484 832 566 913 qood
588 853 688 914 neque
708 834 782 915 tegit
800 855 899 916 oeque
921 834 1069 898 noluerat.
1115 841 1150 900 iu
1175 843 1242 922 ipsa

210 937 341 998 hostium
372 937 438 996 acie
467 936 658 998 inveniemus
678 951 794 999 nostras
817 961 932 1027 manns
975 947 1149 1022 Agnoscent
1168 948 1276 1018 Bri-5

209 1043 295 1100 muni
311 1063 398 1102 snam
418 1063 555 1117 mamm,
578 1043 825 1104 recordabuntur
846 1045 925 1104 Galli
945 1050 1078 1127 priorem
1113 1053 1240 1116 liberta·

209 1157 286 1206 tem:
307 1148 445 1208 deserent
466 1144 537 1209 ilios
555 1150 648 1212 ceteri
668 1151 828 1240 Germani,
851 1163 1003 1258 ‘tauquam
1024 1179 1120 1237 nuper
1139 1161 1238 1242 Usipii

209 1251 405 1333 reliquerunt.
446 1258 507 1316 Nec
528 1258 690 1337 quiequam
722 1258 801 1316 ultra
832 1257 1013 1322 formidinis.
1058 1265 1162 1326 Vacua
1188 1289 1239 1326 ca-

208 1355 312 1432 stella,
337 1380 443 1420 senum
465 1360 620 1436 coioniae,
644 1365 723 1422 inter
745 1363 823 1422 maie
843 1379 984 1444 parentes
1001 1381 1032 1430 et
1053 1369 1163 1434 iniuste
1183 1379 1239 1434 im·

209 1471 347 1540 perantes
367 1484 456 1542 aegra
477 1465 642 1545 municipia
675 1477 705 1525 et
736 1469 949 1532 discordantia.
992 1474 1051 1534 flio
1077 1477 1158 1557 dux,
1189 1479 1293 1540 hiem

208 1568 373 1628 exereitus:
395 1570 438 1628 ibi
458 1570 573 1630 tributa
592 1583 621 1632 et
643 1573 765 1634 metalla
785 1586 815 1636 et
826 1586 946 1638 ceterae
963 1586 1238 1668 servientiumpoe·

207 1693 282 1747 nne,
304 1695 379 1754 quas
400 1676 429 1734 in
451 1687 604 1740 aeternum
626 1680 764 1759 perferre
784 1694 837 1742 aut
857 1689 958 1748 statim
979 1688 1084 1750 ulcisci
1116 1695 1148 1752 iu
1176 1692 1237 1754 hoc

208 1799 316 1859 campo
335 1789 389 1840 est.
430 1781 562 1844 Proinde
582 1787 656 1846 ituri
677 1789 708 1846 iu
730 1790 875 1852 suismet
897 1797 1030 1858 maiores
1057 1807 1177 1860 vestros
1203 1811 1235 1861 et

205 1895 343 1965 posteros
363 1889 521 1968 cogtuuf‘
559 1893 716 1976 Excepere
736 1899 906 1962 orationem
926 1901 1044 1966 alacres
1063 1915 1095 1966 et
1104 1907 1229 1971 barbari
1249 1889 1306 1969 33

206 1993 299 2051 moris
320 2005 409 2056 cantu
420 2040 430 2072 ,
451 1995 572 2058 fremitu
595 1999 828 2069 et‘clamoribus
855 2007 991 2071 dissonis.
1034 2015 1156 2098 lamque
1181 2039 1236 2100 ag.
1251 2015 1288 2076 15

205 2099 306 2170 mina,
346 2110 376 2159 et
405 2122 559 2164 armorum
590 2103 724 2188 fulgores
753 2113 958 2178 audentissimi
981 2121 1128 2204 cuiusque
1162 2147 1236 2206 pro-

207 2226 319 2267 cursu:
341 2208 431 2270 simul
453 2210 658 2282 instruebatur
677 2218 775 2294 scies,
809 2242 878 2282 cum
892 2225 1042 2307 Agricola
1063 2251 1236 2315 quanquam

207 2309 317 2374 laetum
337 2325 368 2374 et
386 2317 434 2377 vix
456 2320 653 2390 munimentis
671 2328 836 2388 coercitum
856 2331 982 2392 mititem
1002 2335 1179 2402 adhortatus
1194 2345 1235 2404 ita

207 2417 357 2480 disseruit.
395 2421 560 2497 „Octavus
581 2447 678 2494 annus
698 2441 759 2508 est,
777 2436 1008 2520 commilitones,
1034 2463 1151 2526 euquo
1172 2447 1235 2508 vir·

208 2535 273 2584 tute
293 2537 322 2585 et
343 2529 483 2608 auspiciis
504 2533 622 2613 imperii
643 2535 795 2617 Romani,
826 2541 885 2602 fide
905 2537 995 2626 atque
1014 2569 1108 2630 opera
1135 2564 1285 2616 vestrano

207 2632 396 2692 Britanniam
418 2635 541 2697 vicistis.
582 2640 644 2700 ‘rot
665 2644 920 2729 expeditionibus,
947 2665 992 2714 tot
1011 2658 1147 2740 praeliis,
1179 2684 1234 2724 seu

211 2735 396 2798 fortitudine
421 2738 566 2802 adversus
585 2744 703 2826 hostes,
723 2771 776 2811 seu
798 2758 940 2834 patientia
960 2783 996 2822 ac
1016 2765 1120 2826 labore
1138 2791 1236 2850 paene

209 2839 353 2900 adversus
386 2843 481 2924 ipsam
526 2869 629 2911 rerum
660 2865 802 2918 naturam
835 2883 911 2944 opus
942 2867 1020 2946 fuit,
1056 2892 1154 2956 neque
1186 2900 1236 2940 me

208 2946 338 3008 miiitum
374 2971 470 3034 neque
499 2977 553 3018 vos
583 2956 668 3023 ducis
696 2969 854 3046 paenituit.
902 2973 984 3057 Ergo
1015 2983 1141 3060 egressi,
1179 3007 1235 3070 ego

207 3081 432 3100 unu—w

209 3153 370 3212 spectantes.
405 3147 500 3220 Itaque
517 3152 644 3208 taronem
657 3157 701 3212 vel
718 3163 860 3232 regionum
877 3175 940 3222 ante
956 3151 1070 3227 'circum
1100 3159 1240 3250 excidissex

207 3234 276 3291 intio
294 3243 411 3293 coniecit
421 3245 575 3300 ,Wnlchiun
1096 3265 1099 3270 “

295 3349 320 3390 2.
337 3337 392 3411 plii
411 3339 473 3406 AE3
491 3339 534 3394 dii
549 3347 664 3397 correxit
683 3347 806 3418 Lipsius,
831 3356 906 3424 quod
924 3359 1098 3418 scribendum
1118 3378 1176 3424 erat
1192 3369 1231 3438 dt,

207 3420 271 3474 Mox
290 3427 314 3476 6.
333 3435 394 3480 aute
413 3430 569 3486 Rhenauum
589 3439 647 3492 erat
664 3445 857 3516 recordobnnt.¹

280 3531 317 3568 12.
337 3525 459 3594 perferre
477 3526 537 3586 Vb:
555 3531 598 3582 ΑΕ
615 3537 747 3606 proferre.
785 3541 856 3596 Dein
879 3546 916 3616 ¹i·
934 3561 980 3613 ut,
1000 3567 1055 3605 unu
1073 3569 1117 3618 et,
1135 3556 1186 3608 Vb.

280 3629 319 3680 ¹7·
337 3610 526 3678 instruebatur'
538 3625 578 3677 Va
597 3628 639 3680 Vb
658 3639 726 3684 teste
746 3637 884 3694 Broterio=
902 3645 1109 3706 instruebantur
1125 3647 1191 3713 AE.⁴

279 3707 318 3761 18.
338 3713 509 3771 munimentis
526 3717 566 3770 Va
587 3728 614 3773 et
632 3723 667 3780 U:
686 3727 728 3778 ΔΕ
747 3737 782 3780 et·
795 3733 835 3786 Vb
854 3739 982 3794 mortitiu‘

279 3799 308 3851 rt
335 3799 506 3876 adhortatus]
525 3809 614 3864 adiiue
632 3830 710 3868 ratus
727 3821 788 3884 ΑΕ,
819 3845 882 3884 acce

885 3829 1019 3889 ridendum
1038 3836 1128 3894 adius
1152 3803 1230 3898 rmus

205 3887 248 3944 Vb
266 3901 294 3948 et
312 3894 352 3961 υς
369 3899 511 3954 emendata
527 3907 657 3978 scriptura
676 3927 691 3963 a
711 3916 873 3986 Grotio'est.
1171 3915 1174 3918 .
