2890 4728
202 471 265 538 308
505 477 508 482 '
590 457 834 524 esurientes:

199 667 275 730 quae
294 643 385 706 cicini
405 643 477 706 solis
497 641 588 704 radiis
608 640 746 724 expressa
768 651 859 722 atque
889 639 1036 720 liquentia
1067 639 1098 698 in
1125 641 1227 720 prori-

198 773 282 814 mum
301 771 384 813 mare
402 749 566 827 labuntur,
586 771 623 810 cc
641 752 673 808 vi
693 757 903 830 tempestatum
925 746 955 804 in
977 744 1103 804 adversa
1123 745 1226 806 littora
1263 771 1277 782 ·

200 857 360 930 exundant.
400 857 433 918 Si
454 867 593 919 naturam
615 857 732 916 succini
750 855 877 916 admoto
896 855 965 936 igne
984 863 1096 922 tentes,
1119 853 1230 912 inmo·

64 1012 73 1034 s
161 961 164 967 ⁶
200 964 276 1038 dum
295 963 401 1036 tacdae
421 963 608 1041 accenditur,
628 961 744 1045 alitque
764 961 917 1022 flammam
941 960 1082 1041 pinguem
1101 970 1130 1018 et
1144 959 1228 1018 olen·

200 1082 281 1144 tem·;
304 1091 371 1130 mox
392 1079 427 1130 ut
449 1070 480 1130 in
506 1071 601 1149 picem
622 1068 792 1129 resinamve
814 1065 959 1127 lentescit.
1236 1065 1261 1126 5

210 1187 230 1256 j
283 1176 446 1240 Suionibus
467 1177 608 1238 Sitonum
628 1185 731 1256 gentes
751 1176 982 1233 continuantur.
1026 1173 1132 1232 Cetera
1142 1170 1228 1231 simi.

202 1287 245 1348 les
262 1307 326 1354 uno
349 1283 511 1358 differunt,
533 1281 619 1363 quod
638 1281 748 1340 semina
763 1281 960 1340 dominetur:
984 1280 1014 1338 in
1037 1271 1229 1338 tantumnon

203 1393 293 1456 modo
313 1415 330 1452 a
352 1391 497 1452 libertate
515 1389 570 1449 sed
589 1389 682 1450 etium
702 1409 722 1446 u
740 1387 887 1458 servitute
909 1387 1105 1469 degenerant.

279 1499 343 1560 'llic
377 1495 513 1558 Sueviue'
539 1496 618 1555 finis.
681 1494 885 1555 Peucinorum
916 1493 1171 1576 Venedorumque
1199 1485 1303 1569 et46

123 1597 126 1606 ’
203 1607 379 1666 Fennorum
399 1601 540 1684 nationes
559 1603 719 1662 Germanis
737 1623 775 1661 an
787 1601 932 1662 Sarmatis
945 1601 1091 1662 ascribam
1106 1601 1229 1680 dubito,
1246 1631 1285 1669 ιο

205 1727 378 1796 quanquam
398 1709 542 1780 Peucini,
568 1728 653 1788 quos¹
673 1707 797 1788 qnidam
818 1708 981 1774 Bastarnas
1010 1719 1137 1786 vocent,
1170 1729 1234 1770 ser-

205 1839 293 1892 mone
314 1815 397 1876 cultu
417 1815 487 1876 sede
509 1837 546 1876 ac
565 1814 728 1876 domiciliis
749 1827 783 1876 ut
805 1819 950 1880 Germani
978 1829 1084 1899 egunt.
1125 1817 1234 1878 Sordes

206 1927 341 1986 omnium
360 1946 394 1986 ac
413 1934 539 2004 torpor:
562 1943 725 2003 procerum
744 1921 905 1994 connubiis,
924 1923 1007 1982 mixti
1037 1925 1179 1986 nonnihil
1200 1927 1230 1984 in

206 2034 417 2113 Sarmatarum
437 2029 576 2092 habitum
597 2030 778 2091 foedantur.¹
808 2029 928 2090 Venedi
940 2029 1069 2090 multum
1091 2051 1126 2090 ex
1138 2033 1231 2092 mori·

207 2139 266 2202 bus
288 2148 467 2203 traxerunt:
484 2195 488 2202 ,
505 2157 575 2198 nem
604 2135 757 2220 quicquid
778 2136 858 2195 inter
882 2134 1033 2195 Peucinos
1054 2137 1232 2219 Fennosque
1247 2127 1286 2190 15

208 2246 351 2310 silvarum
371 2265 406 2306 uc
425 2245 572 2306 montium
592 2243 729 2326 erigitur,
752 2240 915 2301 latrociniis
935 2231 1104 2321 pererrant.
1136 2245 1235 2304 Hita·
1269 2223 1273 2232 ¹

209 2375 280 2416 men
304 2356 385 2416 inter
404 2353 572 2414 Germanos
592 2353 690 2430 potius
708 2347 895 2426 reseruntur,
917 2348 988 2429 quia
1008 2357 1039 2409 et
1060 2349 1167 2411 domos
1178 2351 1237 2411 fin·

215 2494 489 2518 ,mu—u*

252 2605 257 2620 Ι
295 2569 321 2619 9.
335 2547 408 2618 fines
424 2545 442 2600 S
460 2545 493 2599 Τ.
527 2545 625 2598 suum
646 2545 869 2620 Vcnrdcnunquc
887 2544 1046 2598 Rhemum:
1066 2544 1130 2600 libri
1151 2550 1238 2602 Vece-

211 2658 362 2718 torumque.
484 2711 489 2730 1
735 2717 738 2722 ¹
793 2627 814 2700 .'

285 2740 324 2790 13.
342 2731 431 2804 mixti]
450 2733 601 2802 Legebatur
618 2733 719 2786 mixtis.
739 2734 820 2782 -In
838 2733 947 2802 vulgata
969 2735 1106 2803 sciptura,
1126 2742 1155 2788 et
1174 2753 1238 2790 rer-

162 2875 165 2880 .
213 2829 311 2888 borum
329 2833 462 2879 structura
479 2828 546 2879 durs
574 2835 615 2880 est
644 2835 672 2880 et
698 2827 834 2880 sententia
859 2829 981 2882 obscura.
1017 2829 1083 2882 Nem
1109 2833 1157 2900 qui
1183 2831 1240 2884 sint

215 2923 259 2974 illi
276 2922 324 2992 qui
340 2919 507 2989 medentur,
526 2931 616 2974 utrum
632 2937 757 2992 proceres
774 2933 810 2974 sn
826 2921 940 2976 Peucini
958 2939 1071 2986 omnes,
1098 2925 1238 2978 incertum.

214 3019 269 3070 lam
287 3019 374 3070 mixta
391 3017 529 3070 connubia
544 3033 687 3085 procerum
704 3030 780 3089 quae
803 3018 859 3068 sint
887 3015 1009 3068 dubium.
1045 3020 1150 3071 Suntne
1176 3033 1242 3070 con·
1315 3081 1316 3085 Ἰ
1402 3025 1424 3070 ,¹

216 3112 302 3166 nubis
322 3127 392 3182 quae
411 3125 534 3180 proceres
552 3113 623 3163 inter
641 3127 669 3162 se
689 3111 812 3174 miscent,
831 3128 954 3182 acquae
974 3125 1035 3162 cum
1055 3112 1137 3180 plebe
1157 3110 1242 3163 iidem

165 3241 169 3258 .
217 3205 354 3258 miscent?
370 3210 401 3256 ut
424 3219 472 3256 nos
491 3199 707 3266 emendavimus,
726 3209 754 3254 et
780 3206 913 3255 sententis
934 3205 1076 3272 perspicus
1101 3212 1130 3254 et
1157 3210 1242 3255 struc-

218 3304 280 3350 ture
299 3300 423 3350 Tacitina
441 3301 534 3350 oritur.
546 3288 631 3350 Cous.
648 3299 678 3349 Δ.
695 3297 749 3362 Xl,
768 3299 810 3368 si.
846 3275 905 3353 lain
923 3297 1046 3353 moribus
1059 3299 1167 3352 artibus
1179 3297 1242 3370 affl-

219 3395 352 3448 nitatibus
369 3392 470 3448 nostris
487 3393 567 3446 mixti
583 3387 796 3463 (Gallilcurum
814 3407 841 3447 et
856 3411 920 3466 opes
938 3413 1002 3447 suas
1020 3393 1143 3464 inserant
1152 3375 1242 3466 potius

110 3521 120 3536 .
220 3503 303 3560 quam
319 3488 444 3558 separati
461 3487 585 3540 habeant.
605 3487 637 3538 Η.
658 3489 701 3552 ll,
718 3491 760 3542 80.
798 3489 902 3560 Quippe
920 3502 945 3542 et
959 3490 1149 3560 provinciales
1167 3498 1243 3542 sueto

220 3581 337 3634 militum
355 3583 532 3639 contubernio
548 3581 714 3654 gaudebunt,
731 3584 855 3656 plerique
877 3579 1124 3639 necessitudinibus
1141 3595 1167 3634 et
1175 3597 1257 3652 prn-¹

157 3736 160 3745 .
221 3675 422 3748 pinquitctibus
431 3677 517 3728 mixti.
552 3677 702 3746 Promissus
712 3675 800 3746 plebis
811 3691 1005 3747 procerumque
1020 3673 1153 3728 connubia
1163 3689 1243 3724 unsm

223 3765 360 3836 quendam
389 3783 495 3818 musam
520 3765 643 3832 (fortasse
667 3783 724 3817 ιιοιι
752 3766 846 3837 sclam)
874 3771 1033 3832 continent,
1061 3785 1108 3820 cur
1134 3768 1243 3820 Peucini

223 3857 351 3912 nonnihil
371 3859 401 3911 in
419 3859 599 3912 Sarmatarum
616 3857 740 3912 habitum
757 3859 909 3912 foedentur.
946 3861 1049 3912 Vitium
1067 3863 1132 3914 inde
1150 3867 1243 3913 natum

223 3952 312 4024 puto,r
327 3953 398 4023 qnod
418 3955 602 4008 antecedentis
630 3952 746 4004 nominis
770 3952 941 4018 (connubiis)
967 3957 1122 4010 terminatio
1148 3953 1243 4008 subsc·

221 4052 317 4120 questi
335 4049 438 4120 (mixti)
453 4063 469 4098 s
487 4048 599 4100 librario
615 4047 802 4120 imprudenter
819 4027 1009 4118 adplicantur.
