2906 4724
509 461 581 521 utu.
606 461 628 520 l.
652 461 738 522 cal‘.
759 461 893 523 cta-55.
1172 455 1210 522 ‘ll

186 643 268 720 mia,
290 654 319 702 et
345 642 395 702 ubi
417 641 521 722 pronis
542 639 670 704 militum
693 639 816 698 auribus
837 633 1088 716 accipiebantur,
1123 636 1254 714 Ipsiuste
1275 631 1371 700 C·69·l

114 801 118 810 .
188 751 331 810 exercitus
352 747 482 829 pericula
503 758 532 807 et
555 745 750 807 contumelias
760 753 990 826 conquerentes,
1012 741 1217 801 accendebant

186 841 314 921 animos.
358 857 418 916 Nec
439 855 551 936 procul
569 853 716 914 seditione
744 852 893 928 aberant,
925 870 1003 912 curn.
1024 849 1217 909 Hordeonius

186 961 312 1021 Flaccus
333 962 419 1036 abire
432 963 557 1043 legatos,
583 969 678 1040 utque
699 955 846 1016 occultior
861 957 1109 1040 digressusesset,
1128 966 1217 1015 nocte

156 1070 297 1132 5castrIs·
312 1069 453 1130 excedere
486 1070 581 1129 iubet.
623 1064 698 1126 Inde
720 1077 802 1124 atrox
835 1087 962 1142 rumor,
993 1063 1217 1125 affirmantibus

186 1168 342 1252 plerisque
363 1155 548 1244 interlectos,
570 1193 604 1231 ae
623 1171 679 1230 nisi
700 1172 755 1252 ipsi
776 1169 976 1245 consulerent,
998 1169 1064 1230 lore
1086 1183 1217 1232 utaoer·

189 1279 260 1336 rimi
282 1280 412 1340 militum
435 1289 465 1341 et
484 1280 648 1362 praesentia
666 1279 820 1360 conquesti
838 1299 894 1361 per
915 1277 1056 1340 tenebras
1076 1288 1108 1340 et
1126 1281 1217 1340 insci-

191 1383 263 1444 tiam
284 1396 452 1445 ceterorum
475 1385 690 1448 occiderentur.
734 1385 979 1466 Obstringuntur
1009 1387 1090 1448 inter
1110 1397 1217 1446 sera·

189 1493 250 1552 cito
271 1493 396 1552 loedere
415 1492 554 1576 legiones.
596 1493 782 1554 adsciscitur
804 1489 986 1552 auxiliorum
1009 1491 1106 1570 miles,
1122 1494 1218 1574 primo

56 1655 60 1664 ,
141 1611 340 1681 insuspectus
362 1612 504 1683 tanquam
526 1602 721 1674 circumdatis
743 1601 920 1664 cohortibus
950 1601 1063 1682 alisque
1089 1604 1219 1682 impetus

187 1709 216 1766 in
238 1707 368 1788 legiones
389 1719 569 1789 pararetur,
604 1729 672 1770 mox
701 1691 809 1771 eadem
836 1709 935 1770 acrius
965 1707 1109 1788 volvens,
1145 1708 1219 1769 laci-

187 1811 262 1870 llor'e
292 1813 374 1873 ¹inter
404 1813 500 1874 malos
529 1833 677 1874 consensu
708 1813 745 1874 ad
776 1812 889 1874 bellum
920 1835 1012 1896 quem
1034 1815 1064 1874 in
1086 1837 1158 1898 pace
1181 1813 1219 1875 ad
1254 1833 1257 1840 ’

120 1905 175 1985 55
188 1919 393 1980 concordiam.
438 1919 595 1982 Inferioris
617 1928 718 1992 tamen
742 1919 920 1980 Germaniae
941 1919 1072 2001 legiones
1094 1919 1220 1980 sollenni

187 2025 384 2089 calendarum
413 2027 624 2088 Ianuariarum
654 2037 846 2089 sacramento
873 2050 933 2108 pro
954 2030 1051 2090 Galba
1078 2030 1220 2100 adactae,

119 2131 285 2218 '15multa
305 2133 497 2195 cunctatione
518 2145 548 2194 et
569 2135 646 2218 raris
667 2137 836 2216 primorum
856 2135 999 2194 ordinum
1020 2137 1152 2213 vocibus,
1173 2157 1222 2197 cc·

190 2239 249 2299 teri
270 2241 392 2300 silentio
408 2240 538 2320 proximi
560 2240 705 2320 cuiusque
719 2240 878 2300 audaciam
901 2251 1115 2322 exspectantes,
1133 2245 1222 2306 Insita

190 2344 370 2406 mortalibus
394 2356 502 2404 natura
524 2363 652 2424 propere
671 2347 755 2426 sequi
771 2365 847 2425 quae
866 2347 947 2426 piget
969 2347 1127 2412 inchoare.
1163 2351 1221 2412 Sed

190 2456 263 2536 ipsis
287 2453 460 2536 legionibus
485 2452 585 2512 inerat
596 2451 753 2519 diversitas
773 2454 949 2514 animorum.
991 2455 1226 2540 Priinaniquin2

191 2566 313 2644 tabique
333 2563 448 2624 turbidi
471 2559 564 2635 adeo,
593 2569 628 2620 ut
653 2561 775 2644 quidam
796 2581 863 2621 sara
891 2565 921 2622 in
943 2563 1058 2626 Galbae
1074 2566 1222 2654 'imagines

139 2655 333 2732 aoieccrint:
360 2668 468 2750 quinta
489 2667 616 2728 decuma
647 2687 682 2726 ac
709 2678 789 2726 sextu
826 2667 951 2729 decuma
980 2669 1110 2751 legiones
1146 2671 1220 2734 niliil

190 2774 271 2834 ultra
293 2775 447 2834 fremitum
468 2784 497 2834 et
516 2775 613 2834 minas
635 2795 729 2834 ausae
751 2773 871 2833 initium
889 2775 1066 2858 erumpendi
1091 2779 1221 2840 circum·

190 2885 375 2964 spectabant.
419 2883 458 2942 At
482 2875 684 2964 insuperiori
707 2882 839 2952 exercitu
860 2895 966 2965 quarta
990 2905 1024 2943 ac
1045 2886 1224 2948 duoetvico·'

191 2992 265 3066 unia
288 2989 436 3068 legiones,
458 2989 550 3048 isdem
572 2990 709 3050 hibernis
730 2989 905 3065 tendentes,
944 2991 1007 3070 ipso
1030 2991 1221 3054 calendarum

192 3077 404 3156 Ianuariarum
428 3097 474 3156 die
496 3096 672 3178 dirumpunt
692 3097 834 3179 imagines
852 3098 989 3174 Galbae,
1012 3108 1122 3178 quarta
1142 3097 1221 3180 legio

138 3204 178 3264 25
193 3207 382 3288 promptius,
406 3203 640 3288 duoetvicesinra
663 3215 860 3280 cunctanter,
891 3223 956 3262 mox
979 3201 1136 3265 consensu.
1179 3211 1223 3266 Ae

193 3335 229 3372 ne
252 3311 450 3373 reverentiam
473 3309 590 3388 imperii
615 3329 723 3368 cruere
746 3309 942 3386 viderentur,
972 3321 1093 3369 senalus
1126 3331 1221 3390 popu-

193 3417 275 3496 lique
297 3415 422 3474 Romani
447 3411 620 3474 oblitterata
644 3416 702 3471 inm
726 3416 848 3486 nomina
869 3425 1061 3503 sacraumnto
1091 3417 1221 3479 advoca.

193 3521 287 3600 bant,
317 3521 399 3581 nullo
434 3521 606 3602 legatorum
635 3522 867 3594 tribunorumve
894 3545 949 3606 pro
979 3520 1074 3582 Galba
1097 3525 1226 3599 nitente,
1302 3554 1304 3560 ·

193 3623 392 3716 quibusdam,
421 3627 503 3688 utin
531 3625 683 3712 tumultu,
717 3630 881 3690 notabilius
915 3627 1114 3692 turbantibus.
1174 3637 1223 3693 ‘on

199 3786 495 3800 *qn-W

266 3877 305 3942 al.
325 3877 502 3945 dirrrunpunt
519 3877 569 3928 Ma
589 3877 714 3938 -Istud
733 3879 779 3932 dir
804 3897 835 3932 cr
858 3877 902 3928 dic
929 3879 1106 3941 antecedente
1130 3887 1223 3930 notum

187 3966 318 4028 ‘villetam
339 3978 368 4018 nt.
386 3970 470 4020 luerit
491 3983 625 4039 rrmrpuut.
654 3971 730 4022 Coul'.
758 3976 787 4027 Α,
807 3972 855 4034 XI,
887 3977 927 4024 bu.
953 3985 1089 4038 rumperet
1119 3973 1226 4024 calcelus

198 4063 344 4128 nuptiales.
364 4091 397 4108 -ψ
419 4063 482 4114 blox
501 4079 545 4132 27.
563 4079 735 4116 sacramenta
754 4066 803 4118 Illa.
1049 4060 1051 4064 ¹
