2914 4724
211 426 249 524 ld
580 417 870 484 HlSTORlARUM

44 599 72 669 (⁸
92 599 118 654 C·
130 600 191 672 69.)
204 591 252 664 rel
268 602 387 684 publica
400 603 567 682 inciperet:
589 623 669 663 nunc
679 593 681 599 ’
691 623 727 664 eo
750 601 934 664 necessitatis
949 601 1008 660 iam
1023 601 1143 682 pridem
1159 621 1232 662 ren-

203 719 268 780 tum
291 719 354 782 cst,
391 719 427 769 ut
447 727 506 768 nec
525 727 590 768 mea
613 719 754 772 senectus
774 709 916 772 conferre
940 705 1009 790 plns
1035 708 1148 791 populo
1170 709 1233 770 llo·
1317 717 1322 725 '

203 837 295 876 mano
316 827 418 896 posset
437 836 528 897 quam
550 815 663 874 bonum
684 833 908 887 successorem,
941 834 1000 889 pec
1019 823 1071 876 tua
1095 817 1163 897 plus
1181 820 1232 877 iu.
1297 897 1305 902 Α

202 933 295 983 venta
323 941 415 1003 quam
446 921 561 982 bonum
584 923 763 1004 principem.
805 920 869 983 Sub
888 920 1016 982 Tiberio
1042 932 1073 983 ct
1094 925 1172 984 Gaio
1203 935 1233 986 et

204 1028 334 1090 Claudio
355 1029 445 1088 nnius
468 1027 598 1088 familiae
618 1031 704 1110 quasi
720 1027 868 1090 hereditas
891 1031 1023 1089 fuimns:
1046 1029 1116 1090 loeo
1137 1023 1261 1091 liber-5

202 1135 275 1196 tatis
294 1137 352 1196 erit
367 1135 451 1216 quod
474 1135 543 1217 eligi
567 1136 727 1217 coepimus,
760 1127 907 1197 'Erudita
929 1137 1080 1198 loliorum
1089 1137 1234 1198 Claudio-

203 1237 333 1324 rumque
351 1243 444 1303 domo
464 1235 612 1324 optimum
630 1235 785 1326 'quemque
805 1241 929 1324 adoptio
965 1231 1130 1305 inneniet.'
1155 1243 1247 1304 Nam*

143 1387 144 1392 κ
202 1351 340 1431 generari
363 1362 394 1410 et
415 1347 535 1410 nasci'a
556 1347 744 1432 principibus
763 1337 942 1422 fortuitum,
968 1370 1023 1410 nec
1043 1349 1126 1410 ultre
1146 1352 1236 1410 nesti·
1312 1343 1316 1346 ’

165 1490 171 1501 s
203 1469 324 1520 mntnre
355 1457 521 1540 adoptandi
543 1457 691 1518 iudicium
716 1459 888 1539 intcgrnrnt
921 1465 950 1517 et
969 1459 993 1517 si
1014 1455 1092 1518 velis
1111 1455 1235 1538 eligere,

204 1573 354 1626 consensu
374 1574 574 1626 monstratur.
617 1565 665 1625 sit
687 1574 760 1626 oute
779 1563 884 1626 oculos
902 1565 1004 1635 Nero,
1035 1578 1126 1644 quern
1147 1560 1286 1646 longono

203 1671 365 1737 Caesarum
384 1675 461 1733 serie
480 1682 646 1732 tumentem
668 1693 730 1732 nou
752 1660 871 1732 Vindex
892 1691 963 1730 cum
982 1671 1091 1729 inermi
1111 1671 1239 1750 provin-

204 1780 250 1852 cia
284 1789 338 1840 ant
366 1799 420 1860 ego
449 1799 520 1838 cum
552 1800 613 1838 una
635 1774 774 1861 legione,
808 1779 861 1840 sed
881 1796 936 1838 sua
958 1777 1149 1860 immanitas,
1170 1787 1247 1838 ·sun'

203 1883 323 1948 luxuria
342 1884 660 1966 cervicibuspubliois
681 1879 884 1968 depulerunt3
919 1871 1022 1964 neque
1048 1897 1114 1944 erat
1135 1886 1238 1946 adhuc

202 1991 341 2054 damnati
362 1993 505 2073 principis
526 1991 703 2074 exemplum.
748 1993 808 2051 Nos
829 1989 910 2050 bello
930 2001 960 2050 ct
980 1992 1019 2052 ab
1046 1973 1234 2054 aestimanti·

205 2097 263 2162 bus
285 2099 392 2160 adsciti
414 2121 484 2160 curu
506 2100 636 2174 invidia,
656 2097 795 2180 quamvis
816 2087 946 2180 egregiij
970 2102 1088 2160 erimus.
1132 2099 1235 2160 Neta·
1248 2085 1292 2188 ,ς’

206 2219 279 2268 men·
297 2211 422 2269 territus
442 2204 546 2286 tueris}
569 2208 592 2268 si
613 2207 692 2268 duae
710 2201 843 2288 legiones
865 2205 896 2266 in·
919 2205 978 2268 hoc
998 2207 1134 2269 concussi
1153 2207 1236 2270 orbis

204 2325 288 2376 motu
309 2317 444 2376 noudum
466 2301 635 2396 quiescunt.
664 2314 719 2375 'Ne
742 2315 805 2395 ipse
824 2313 949 2394 quidem
971 2314 1010 2375 ad
1044 2337 1163 2376 securas
1188 2338 1237 2376 res

205 2425 335 2500 accessi5
355 2433 386 2482 et
406 2422 510 2482 audita
533 2421 698 2500 adoptione
725 2421 858 2480 desinam
887 2415 984 2478 rideri
1012 2429 1121 2496 ¹senex,
1153 2423 1237 2503 quod

205 2549 289 2592 nunc
307 2529 383 2588 milri
404 2547 498 2586 unum
519 2527 676 2590 obiicitur.
702 2529 798 2586 'Nero
821 2547 839 2584 a
862 2526 990 2604 pessimo
1019 2547 1140 2608 quoque
1161 2547 1237 2590 sem.

206 2657 262 2718 per
283 2631 525 2696 desiderabitur:
549 2631 624 2692 mint
644 2651 680 2690 ac
700 2630 756 2690 tibi
775 2623 999 2712 providendum
1020 2645 1074 2708 est,
1094 2657 1132 2694 ne
1145 2637 1285 2714 ctiam20

208 2763 228 2802 a
249 2739 554 2804 bouisdesidcretur.
574 2741 577 2748 ’
597 2740 726 2799 Monere
746 2737 861 2798 diutins
881 2756 980 2818 neque
1010 2744 1156 2824 temporis
1177 2745 1236 2805 hu-

208 2855 271 2924 ius,
301 2858 331 2909 et
359 2846 518 2928 impletum
540 2855 586 2907 est
607 2845 699 2907 omne
723 2839 902 2924 consilium,
936 2850 961 2910 si
990 2857 1022 2907 te
1043 2849 1119 2910 bene
1152 2852 1235 2935 elegi.
1260 2899 1269 2910 ,

207 2955 392 3018 Utilissimns
401 2953 491 3016 ‘idem
502 2975 536 3016 ac
549 2951 743 3028 brev-issimus
754 2947 901 3014 bonarum
912 2953 1121 3038 malarumque
1134 2981 1238 3020 rerum

209 3063 344 3126 delectus
365 3073 409 3123 est
427 3064 578 3143 cogitatu
598 3059 672 3144 qui'd
693 3072 749 3122 ant
771 3053 902 3122 volneris
921 3063 979 3122 cub
1005 3063 1065 3123 allo
1097 3049 1250 3145 principe

209 3180 263 3232 aut
282 3169 442 3244 uolueris„
465 3169 573 3252 Neque
592 3171 674 3230 enim
695 3163 763 3246 liic,
784 3177 829 3252 ut
850 3164 989 3249 gentibus
1007 3186 1085 3250 quae
1105 3185 1232 3252 regnan·
1246 3180 1285 3244 25

200 3285 283 3348 fitur,
306 3286 387 3338 certe
406 3275 609 3336 dominorum
621 3277 728 3335 domm
747 3269 777 3334 et
798 3267 892 3334 ceteri
910 3277 1009 3335 servi:
1030 3275 1082 3335 sed
1106 3277 1251 3360 impera·'

210 3395 297 3444 turns
319 3381 566 3458 comminitans,
592 3384 645 3464 qui
671 3381 731 3443 'nec
751 3375 846 3442 totoni
870 3384 1047 3443 servitutem
1080 3385 1141 3464 pati
1168 3401 1240 3465 pos·

210 3500 282 3551 cunt
308 3485 715 3552 nec·totom,libertatem.“
754 3487 795 3550 Et
815 3469 911 3549 Galba
929 3479 1068 3572 'guidem
1099 3489 1173 3550 baec
1202 3507 1239 3547 ae

151 3641 156 3646 -
211 3597 305 3668 talio,
337 3605 481 3678 tauquam
517 3599 682 3680 principem
704 3597 836 3671 feceret,
868 3597 961 3658 ceteri
992 3585 1135 3678 tanquam
1168 3613 1251 3654 cum·
1306 3606 1310 3614 '

142 3757 144 3762 .
213 3707 292 3768 fecto
313 3705 524 3786 loquebantur.
566 3705 705 3776 Pisonem
728 3705 830 3764 serunt
850 3696 951 3764 statim
974 3700 1182 3772 intuentibus,
1208 3711 1236 3760 et
1251 3692 1301 3770 17

214 3833 283 3874 mor
304 3810 445 3906 coniectis
465 3815 496 3871 in
517 3783 586 3876 eum
608 3813 743 3874 omnium
764 3810 878 3886 oculis,
903 3807 1022 3870 nullum
1044 3807 1160 3868 turbati
1187 3820 1239 3870 aut

121 3960 123 3968 s
208 3939 495 3968 ...αφά-...ω

288 4037 325 4089 13.
343 4034 522 4107 depulereunt
539 4033 590 4096 Ml,
608 4026 635 4086 et
648 4011 690 4084 ab.
710 4019 871 4084 utilissimus
891 4031 1020 4088 bonorum
1032 4027 1100 4084 idem
1122 4028 1202 4098 oc'lr.
1214 4029 1238 4078 b.
