2880 4720
498 479 505 491 ι
571 387 664 458 CAR.
698 391 749 452 21.
872 379 876 388 ’
1147 386 1208 452 377

190 579 220 628 et
239 563 390 628 inconditi
408 585 510 628 serrsus
532 561 668 626 redolent
687 561 919 645 antiquitatem
947 581 1004 624 use
1028 583 1208 647 quemquam
1268 566 1290 624 .'

190 675 267 734 adeo
287 669 487 754 antiquarium
507 681 592 754 puto,
612 681 647 732 ut
665 671 801 732 Caelium
822 691 856 732 ex
877 691 911 732 ea
932 681 1016 752 parte
1034 669 1219 754 laudet-qua,

191 782 335 864 antiquus
352 791 404 840 est.
446 778 651 840 Concedamus
671 797 743 838 sane
764 777 840 838 Gaio
862 778 999 854 Caesari,
1033 787 1067 838 ut
1087 789 1212 861 propter

190 886 427 966 magnitudinem
449 887 666 967 cogitationum
687 895 717 944 et
738 887 948 966 occupationes
968 906 1072 946 rerum
1092 885 1123 945 iu
1147 883 1225 954 elo-,
1280 946 1288 964 ,

159 994 314 1074 -5queutia
332 1015 393 1054 non
412 992 546 1066 effecerit
565 1012 643 1072 quae
664 990 800 1051 divinum
831 991 894 1052 eius
922 991 1083 1074 ingenium
1101 1001 1212 1072 postu-

191 1095 293 1177 labut3
314 1109 375 1158 tam
395 1097 503 1158 hercle
517 1117 608 1179 quam
629 1098 759 1158 Brutum
787 1096 996 1179 philosophiae
1020 1117 1091 1162 suae
1117 1097 1213 1160 reliu·
1274 1129 1276 1136 a

192 1225 337 1286 quamue:
360 1226 429 1264 uam
450 1203 481 1264 in
505 1203 692 1267 orationibus
711 1206 859 1266 minorem
879 1224 942 1266 esse
958 1202 1037 1264 sama
1057 1224 1110 1266 sua
1123 1203 1213 1264 etiam

178 1312 389 1374 ’admiratores
410 1311 472 1376 eius
494 1312 638 1381 latentur.
680 1315 742 1406 Nec
758 1312 820 1374 fere
840 1314 997 1396 quisquam
1018 1300 1214 1374 autCaesaris
1294 1302 1297 1308 ’

192 1419 361 1499 pro-Decio
381 1418 516 1480 Samnite
538 1430 590 1480 aut
600 1418 685 1482 Bruti
705 1407 762 1501 pro
780 1418 930 1482 Deiotaro
948 1441 1018 1502 rege
1040 1427 1214 1502 ceterosque

149 1525 321 1600 roeiusdem
340 1523 529 1614 lentitudinis
547 1529 584 1586 'ac
607 1527 719 1608 teporis
738 1525 831 1586 libros
849 1525 931 1608 legit,
953 1527 1009 1596 nisi
1032 1528 1084 1608 qui
1105 1535 1215 1588 etuas*

189 1634 272 1692 mina
293 1619 456 1692 eorundem
477 1633 614 1694 miratur.
655 1631 805 1694 Fecerunt
824 1632 903 1692 enim
924 1642 954 1692 ct
973 1633 1105 1694 earmina
1133 1645 1163 1696 et
1183 1635 1215 1694 iu

189 1736 385 1799 bibliothecas
406 1735 600 1816 rettulerunt,
620 1741 682 1798 nou
702 1736 808 1800 melius
829 1759 922 1822 quam
946 1739 1064 1817 Cicero,
1086 1740 1138 1802 sed
1151 1739 1217 1802 feli·

191 1827 273 1922 cius,
293 1845 364 1926 quia
378 1841 444 1906 illos
465 1843 570 1906 fecisse
588 1844 746 1927 pauciores
777 1847 886 1908 sciunt.
930 1845 1053 1908 Asinius
1082 1856 1216 1929 quoque,

193 1951 366 2034 quanquam
386 1949 579 2030 propioribus
600 1950 786 2032 temporibus
806 1961 895 2010 natus
914 1949 970 2022 sit,
1000 1949 1120 2012 videtur
1142 1949 1218 2010 mibi

150 2059 272 2122 15inte1·
303 2057 459 2116 Menenios
488 2066 518 2118 et
537 2055 654 2136 Appios
681 2055 842 2115 studuisse.
881 2055 1050 2116 Pacuvium
1077 2066 1160 2116 certe
1187 2069 1220 2118 et

194 2167 312 2226 Attium
334 2185 395 2222 noa
418 2163 515 2222 solum
546 2160 709 2242 tragoediis
737 2159 792 2220 sed
821 2161 912 2222 etiam
943 2148 1221 2224 orationibus-suis

120 2337 126 2358 .
195 2272 359 2352 expressit:
382 2267 456 2328 adeo
475 2266 568 2328 durus
592 2275 622 2325 et
640 2267 735 2326 'siccus
756 2276 820 2332 est,
851 2266 961 2329 Oratio
993 2277 1110 2344 autem,
1143 2269 1222 2335 sicut

117 2437 120 2442 s
196 2398 305 2458 corpus
327 2375 476 2450 hominis,
498 2393 532 2432 ea
552 2372 671 2432 demum
691 2369 821 2452 pulohra
840 2382 902 2451 est,
924 2372 1036 2454 inqua
1058 2396 1120 2436 non
1146 2379 1221 2438 emi-

198 2493 271 2544 nent
291 2503 387 2545 venae
406 2501 462 2547 nec
482 2499 548 2540 ossa
568 2489 778 2556 numerantur,
798 2479 850 2540 sed
870 2489 1054 2562 temperatus
1066 2503 1111 2544 >ac
1125 2483 1222 2548 mnus

140 2593 316 2674 ,aosauguis
337 2588 442 2672 implet
463 2587 599 2650 membra
628 2599 657 2648 et
680 2587 814 2667 exsurgit
841 2591 915 2650 toris
942 2591 1093 2674 ipsosquev
1109 2601 1222 2656 uentos

196 2699 306 2760 rubore
314 2699 390 2780 tegit
408 2707 439 2758 et
451 2693 559 2758 decore
569 2679 769 2758 commendat.
811 2693 893 2758 Nolo
908 2698 1078 2790 Corviupm
1089 2700 1221 2782 insequi,

199 2807 270 2887 quia
290 2825 348 2864 non
370 2823 422 2884 per·
443 2802 539 2884 ipsum
559 2804 657 2878 stetit,
688 2823 750 2884 quo
773 2803 872 2865 minus
899 2801 1043 2868 laetitiam
1072 2808 1221 2868 nitorem·

199 2901 258 2995 due
280 2921 452 2970 nostrorum
476 2919 649 2991 temporum
676 2909 865 2992 exprimeret.
913 2937 942 2980 „a
961 2935 980 2972 s
1002 2939 1021 2976 a
1056 2913 1219 2976 viderimus

291 3131 310 3166 r.
330 3111 464 3181 redolent]
481 3109 641 3170 reddsncl'.
755 3145 759 3150 ·
1056 3167 1060 3179 „

212 3262 214 3266 ,
286 3207 312 3274 l.
328 3207 360 3262 in
376 3209 535 3282 eloquentia
552 3226 609 3262 non
627 3205 762 3264 Bekkems
781 3215 810 3264 et
828 3207 998 3266 Waltlserur:
1024 3209 1056 3262 in
1072 3211 1219 3285 ustoqueu-

199 3307 266 3359 tiam
284 3303 313 3354 F.
583 3291 588 3302 ⁸
787 3309 791 3317 '
1156 3321 1157 3330 ¹

287 3399 312 3449 8.
326 3413 376 3451 nec
388 3395 449 3464 fere
467 3397 488 3452 ῐ.
506 3397 548 3449 Fr.
567 3396 735 3450 Gronovius:
752 3382 858 3450 codices
876 3397 932 3452 nisi
939 3396 1028 3470 scorta.

202 3507 205 3512 ·
273 3507 311 3546 ro.
333 3493 435 3562 teporis
455 3491 577 3560 Lipsius:
595 3491 617 3542 1³
636 3492 769 3562 temporis.
952 3483 954 3490 ’

271 3599 313 3637 ar.
331 3581 427 3637 decore
446 3583 568 3651 Lipsius:
587 3583 609 3634 F
626 3582 717 3638 decor.
910 3639 913 3644 ,
1090 3641 1094 3649 ,

272 3681 313 3732 23.
331 3675 491 3750 viderimus]
510 3676 585 3731 verbi
602 3677 697 3730 modus
714 3677 819 3731 indicat
829 3679 959 3732 nonnulla
969 3680 1146 3736 intercidisse.
1163 3685 1222 3736 Sta-

131 3835 134 3844 *
204 3771 253 3822 tim
270 3771 301 3823 in
318 3785 448 3848 quantum
470 3774 592 3844 Lipsiusz
609 3779 673 3824 ante
690 3782 747 3826 erat
763 3775 891 3846 inquam
909 3776 991 3843 paulo
1009 3785 1070 3844 post
1087 3778 1222 3833 uisomit-

206 3865 241 3915 tit
259 3863 299 3928 F,
315 3869 358 3920 cui
376 3868 457 3922 etiam
475 3869 587 3942 inquam
606 3868 699 3934 deest,
724 3867 748 3922 si
762 3869 917 3926 waltherus
936 3868 1127 3942 Schluttigium
1151 3877 1223 3922 recte

207 3960 352 4016 intellexit.
995 3953 1001 3968 .
