2890 4728
124 347 133 380 Ι,
240 406 301 472 336
625 397 860 461 sententie

237 586 351 646 frustra
371 603 425 666 per
445 581 625 665 obsequium
656 592 689 642 et
719 579 897 640 modestiam
928 575 1078 657 effugeris.
1119 573 1272 656 Raptores
1307 643 1311 645 ,

199 693 204 706 “
237 691 331 767 orbis,
351 667 510 772 postquam
530 698 640 748 cuncta
661 687 850 749 vastantibus
868 685 991 747 defuere
1005 695 1117 759 terrae,
1140 693 1169 742 ct
1184 703 1273 741 mare

238 807 432 874 scrutantur3
453 795 478 856 si
497 791 630 876 locuples
647 794 739 854 bostis
759 804 820 866 est,
842 795 952 870 avari,
974 793 999 852 si
1019 809 1152 872 pauper,
1174 789 1269 848 ambi·

238 905 327 981 tiosi;
351 923 427 984 quos
450 921 510 962 non
530 903 642 962 Oriens
662 923 724 961 non
746 898 897 960 Occidens
917 897 1082 958 satiaverit.
1113 897 1188 985 ¹Soli
1201 916 1271 958 om-

240 1013 324 1070 nium
337 1032 409 1091 opes
419 1022 509 1092 atque
525 1011 657 1092 inopiam
681 1011 748 1092 pari
769 1008 879 1068 affectu
889 1009 1112 1088 concupiscunt.
1140 997 1304 1066 Auferre5

238 1115 392 1176 trucidare
414 1137 522 1196 rapere
543 1115 625 1176 salsis
646 1114 819 1176 nominibus
841 1113 1017 1195 imperium,
1038 1125 1133 1194 atque·
1152 1111 1204 1172 ubi
1217 1133 1269 1172 so·

240 1219 399 1281 litodinem
429 1222 562 1302 sariunt,
593 1244 700 1304 pacem
730 1219 890 1303 appeliant.
917 1221 1065 1286 ,Liberos
1095 1219 1206 1300 cuique
1232 1212 1338 1291 ae31

239 1331 427 1410 propinquos
450 1349 521 1388 snos
543 1338 654 1388 natura
671 1326 840 1386 carissimos
860 1345 924 1388 esse
944 1325 1056 1386 voluit:
1089 1319 1196 1404 lai'per
1216 1323 1268 1383 de·

168 1411 174 1418 .
240 1437 334 1494 lectus
354 1431 428 1494 alibi
448 1435 593 1495 servituri
614 1433 813 1494 auferuntur:
833 1437 975 1516 coniuges
994 1452 1189 1514 sororesque,
1214 1432 1268 1491 etsi

240 1541 380 1601 hostilem
401 1539 568 1600 lubidinem
588 1538 750 1620 effugiant,
771 1541 895 1602 nomine
913 1542 1078 1602 amicorum
1100 1549 1190 1621 atquc
1212 1537 1268 1597 bo·
1284 1557 1327 1598 ro

240 1647 356 1728 spitum
376 1645 569 1730 polluuntur.
610 1647 695 1708 Bona
708 1649 906 1730 fortunasque
920 1650 952 1706 in
963 1647 1113 1708 tributum
1132 1653 1270 1726 egerunt,

241 1777 336 1819 annos
369 1758 402 1816 in
436 1757 635 1816 frumentum.
680 1756 816 1839 Corpora
848 1759 915 1840 ipsa
936 1779 971 1818 ac
993 1775 1100 1816 manns
1131 1751 1216 1813 silvis
1233 1771 1270 1811 ac

241 1851 404 1945 paludibus
423 1861 613 1932 emuniendis
637 1863 766 1924 verbera
786 1863 870 1926 inter
891 1886 926 1924 ac
946 1861 1142 1924 contumelias
1167 1868 1271 1919 conte·

240 1977 325 2032 runt
365 1967 443 2027 Nata
462 1967 604 2027 servituti
621 1971 772 2049 mancipia
794 1968 885 2030 semel
903 1978 1057 2043 veneunt,
1081 1979 1170 2050 atque
1192 1967 1274 2027 nitro

244 2073 411 2135 adominis
445 2072 590 2134 aluntur:
625 2074 781 2136 Britannia
811 2076 990 2137 servitutem
1023 2097 1105 2136 suam
1136 2067 1327 2156 quotidier5

242 2179 335 2260 emit,
364 2181 499 2263 quotidie
519 2183 625 2262 pascit.
667 2183 711 2243 Ac
732 2183 810 2244 sicut
843 2181 874 2242 in
905 2181 1029 2246 familia.
1052 2184 1276 2244 recentissimus

242 2285 369 2367 quisque
387 2307 548 2348 servorum
570 2295 602 2348 et
622 2289 773 2360 conservis
793 2287 925 2370 ludibrio
943 2299 998 2364 est,
1015 2291 1056 2348 sic
1067 2291 1097 2349 in
1114 2291 1173 2350 boc
1190 2291 1276 2352 orbis

243 2403 396 2456 terrarum
417 2407 520 2456 vetere
541 2395 688 2456 famulatu
719 2398 793 2460 novi
816 2417 870 2457 nos
899 2407 929 2456 et
958 2395 1033 2457 viles
1062 2399 1094 2457 in
1128 2399 1276 2460 excidium

244 2503 385 2584 petimur.
427 2507 533 2585 Neque
552 2505 632 2566 enim
657 2525 732 2572 arva
752 2504 839 2564 nobis
862 2513 916 2565 aut
944 2501 1065 2566 metalla
1093 2518 1146 2566 aut
1170 2516 1277 2588 portus

244 2619 330 2686 suut,
351 2611 463 2690 quibus
483 2611 654 2672 exercendis
674 2632 875 2674 reservemur.
917 2612 1023 2674 Virtus
1045 2635 1139 2696 porro
1162 2636 1204 2686 ac
1231 2617 1324 2680 feno

245 2716 330 2778 rocia
351 2715 556 2802 subiectorum
577 2718 698 2802 ingrata
718 2717 959 2800 imperantibns3
980 2729 1012 2782 et
1022 2719 1224 2804 longinquitas
1247 2734 1277 2784 et

246 2811 398 2884 secretum
419 2821 517 2902 ipsum
538 2845 599 2907 quo
619 2825 731 2906 tutius,
752 2845 788 2888 eo
806 2828 982 2906 suspectius.
1028 2830 1074 2892 Ita
1094 2807 1277 2912 sublataspe

332 3057 359 3098 a.
375 3044 532 3121 canosiae.
558 3044 687 3118 definere.-
718 3059 821 3100 terram
847 3047 919 3116 asp
934 3049 1090 3103 emendarit
1116 3047 1276 3114 liberantem

247 3147 349 3192 omrem
365 3154 438 3192 nunc
454 3141 569 3208 praehet
586 3141 637 3193 Vb.

332 3232 484 3302 perierint
497 3233 553 3288 Vb.
588 3234 654 3286 Mox
684 3241 721 3286 rc
742 3233 816 3286 bona
837 3233 960 3305 fortune
988 3252 1060 3308 quae
1090 3237 1122 3286 iu
1147 3234 1278 3288 tributum

245 3337 468 3396 ageratannur5
486 3329 517 3381 in
530 3331 572 3400 fr.
590 3329 721 3398 antiquae
739 3327 884 3392 editiones,
903 3331 958 3404 nisi
977 3329 1052 3400 quod
1067 3330 1202 3380 Alciatina
1219 3343 1278 3398 ege·

247 3431 313 3486 ret‚·
331 3421 374 3473 vb
393 3423 464 3478 borae
490 3421 622 3488 fortunae
642 3439 716 3492 qaae
733 3425 764 3476 in
781 3425 912 3478 tributum
931 3439 1049 3497 aggerat
1066 3443 1165 3478 annue.
1183 3426 1217 3477 In
1239 3421 1279 3490 fr.

249 3514 282 3588 in¹
297 3514 440 3565 emendata
458 3532 528 3586 quae
548 3531 628 3582 supra
646 3508 796 3585 posita‘est
813 3521 945 3588 scriptura
966 3539 1056 3574 annos
1072 3518 1110 3587 (h.
1139 3535 1167 3570 e.
1195 3533 1278 3568 anno-

216 3627 218 3634 *
249 3624 309 3658 rum
327 3613 498 3680 proventum)
530 3629 545 3662 a
570 3612 694 3665 Walchio
714 3621 771 3675 est,
806 3623 895 3667 cetera
917 3633 933 3666 a
950 3615 1089 3668 Rhenano.
1124 3613 1279 3668 waltherus

250 3700 318 3770 legit
328 3703 406 3754 Bona
413 3705 604 3778 fhrtunaeque
615 3699 649 3758 ¹in
661 3707 790 3760 tributum
798 3723 944 3779 aggerata,
956 3729 1046 3764 annus
1060 3711 1091 3762 in
1101 3710 1279 3777 strumentum.

326 3793 364 3849 13.
379 3799 501 3854 uerbera
519 3799 688 3855 emuniendis
709 3804 783 3856 inter
801 3799 864 3868 ΑΒ,
882 3805 1057 3860 emuniendis
1072 3807 1146 3858 inter
1163 3804 1279 3858 verbera

253 3884 313 3951 Vb3
332 3902 424 3940 verum
443 3891 520 3943 dedit
540 3892 691 3960 Rhenanus.
728 3897 793 3947 Mox
813 3913 852 3964 ¹7·
870 3898 951 3949 etiam
970 3901 1108 3953 conservis
1126 3899 1177 3950 Vb.

329 3997 365 4050 19.
387 3999 456 4035 arva
475 3981 618 4034 Rhenanus
636 3993 664 4037 et
681 4001 752 4039 nnnc
767 3987 824 4041 Vb:
846 3987 891 4042 ΑΕ
912 4005 997 4042 arma.
