2886 4726
225 419 285 482 173
595 398 884 466 nistoutaattu

61 620 87 686 (a
103 615 133 670 c.
154 616 207 688 ⁶9)
222 609 333 662 turam.
373 593 503 656 Fabium
524 589 586 652 illis
605 585 764 648 Valentem
785 586 938 668 captivum
960 597 993 648 et
1013 581 1133 646 ensibus
1151 587 1257 650 dubiis

221 713 411 768 reservatu·
431 719 626 780 praegravem
659 695 771 759 fuisse:
800 695 914 756 nedum
936 694 1059 768 Primus
1079 715 1117 754 ae
1138 694 1257 758 susan

134 836 136 846 ·
218 826 250 878 et
269 811 421 896 specimen
444 806 579 887 partium
590 803 749 864 Mucianus
769 801 864 864 ullam
878 805 911 862 in
919 801 1079 864 vitelliu-
1100 803 1257 864 niniceei-

218 919 310 983 dendi
329 915 483 978 licentiam
504 913 649 974 babeant.
690 910 761 972 dluu
782 933 802 970 a
822 909 954 976 Caesare
974 906 1171 991 Pompeium,
1192 929 1255 970 nun
1305 953 1309 958 -
1380 987 1383 992 1

220 1025 260 1087 ab
281 1023 419 1103 Augusto
440 1020 605 1080 Antonium
623 1019 791 1083 incolumes
811 1017 946 1095 relictus,
967 1018 1026 1078 nisi
1044 1019 1126 1078 ferte
1141 1017 1285 1099 Vespa-5

219 1138 322 1196 sinum
344 1127 471 1190 altiores
491 1130 613 1210 spiritus
634 1137 737 1210 gerat,
772 1125 891 1190 Vitellii
911 1126 1028 1200 cliens,
1062 1148 1134 1188 cuna
1155 1128 1258 1190 Vitel-

219 1241 279 1302 lius
297 1237 411 1320 collega
434 1235 563 1298 Claudio
581 1236 675 1298 soret.
717 1235 822 1314 Quin,
840 1247 882 1298 nt
899 1257 1060 1298 censuram
1080 1236 1194 1318 patris,
1221 1248 1258 1298 nt

219 1357 283 1408 tres
302 1341 499 1420 consulatus,
523 1352 560 1402 ut
582 1351 631 1402 tot
664 1340 800 1422 egregiae
821 1340 932 1404 dumus
960 1342 1096 1411 honore·
1124 1343 1256 1424 deceret,

219 1438 430 1532 desperatione
458 1449 566 1519 saltem
597 1448 629 1508 ia
659 1447 819 1508 audaciam
849 1449 1072 1528 accingeretur.
1117 1452 1256 1522 Perstnne

220 1562 369 1636 militem,
394 1577 548 1639 superesse
573 1554 673 1617 studia
692 1552 806 1636 pupuli.
848 1555 991 1636 Denique
1022 1557 1099 1618 nibil
1126 1562 1304 1626 abueimtu

219 1681 400 1730 eventurum
419 1686 511 1748 quam
532 1667 563 1726 in
577 1663 659 1746 quud
682 1675 790 1748 sponte
805 1673 907 1726 ruant.
949 1665 1145 1730 Morieudum
1156 1671 1257 1748 victis,

184 1834 190 1842 .
219 1777 411 1838 moriendum
438 1771 567 1833 deditis:
599 1768 631 1828 id
656 1767 757 1832 solutu
777 1767 915 1848 referre,
943 1772 1146 1836 novissimum
1164 1773 1257 1856 spiri-

218 1897 284 1944 tum
307 1891 362 1965 per
382 1879 546 1940 ludibrium
566 1887 597 1938 et
616 1877 817 1942 contumelias
834 1875 994 1938 effundant
1015 1899 1055 1938 an
1076 1901 1131 1961 per
1157 1881 1256 1942 ristu-

137 1967 142 1982 ⁸
218 2005 290 2054 tem.
330 1989 448 2050 Surdae
469 1987 510 2050 ad
529 1987 620 2048 fortia
640 1986 766 2051 consilia
787 1983 915 2048 Vitellio
948 2005 1049 2048 aures.
1090 1989 1253 2050 Obrueba·
1266 1961 1319 2042 67

218 2112 272 2162 tur
298 2101 417 2158 animus
445 2094 637 2156 miseratione
664 2115 818 2178 carraque,
856 2115 895 2154 ne
925 2095 1134 2176 pertinacibus
1162 2097 1254 2158 armis
1268 2089 1302 2152 15

220 2211 320 2269 minus
341 2203 518 2288 placabilem
541 2203 688 2268 victorem
704 2199 898 2284 'relinqueret
917 2203 1038 2284 coniugi
1062 2195 1105 2262 ‘ae
1136 2201 1253 2266 liberis.

221 2317 298 2377 Erat
318 2313 363 2374 illi
386 2323 417 2373 et
441 2313 516 2374 fessa
536 2321 634 2376 aetate
647 2331 785 2392 vparens5
812 2333 890 2394 quae
920 2322 1022 2373 tamen
1052 2310 1157 2393 paucis
1184 2323 1256 2373 aute
1291 2334 1296 2338 ·

222 2421 327 2484 diebus
351 2427 526 2499 opportuna
548 2427 645 2476 morte
666 2418 815 2478 excidium
837 2418 947 2478 dumus
968 2423 1144 2498 praevenit,
1178 2421 1256 2480 nibil

220 2530 393 2611 principatu
413 2521 468 2584 filii
478 2534 612 2584 assecuta
624 2525 681 2584 uisi
695 2523 812 2586 luctum
824 2537 856 2587 et
869 2523 982 2589 bonam
995 2525 1116 2589 famam.
1139 2528 1255 2606 Quinto

222 2635 338 2696 decimo
355 2629 495 2693 calendas
516 2633 672 2692 lanuarias
693 2631 797 2713 audita
818 2629 1125 2716 defectionelegionis
1140 2635 1305 2698 com-,ao
1427 2689 1428 2716 ἶ

220 2741 379 2820 tiumque,
400 2755 481 2818 quae
501 2756 533 2798 se
552 2735 686 2804 Narniae
705 2735 905 2813 dediderant,
927 2737 1012 2820 pullu
1035 2744 1150 2811 amictu
1171 2743 1255 2824 puln-

221 2847 266 2905 tio
298 2842 492 2925 degreditur,
522 2852 633 2902 runata
663 2842 778 2900 circum
808 2841 929 2906 familia.
970 2849 1070 2914 Simul
1099 2850 1256 2914 ferebatur

222 2949 362 3013 lecticula
380 2949 529 3032 parvulus
549 2949 645 3025 filim,
665 2946 751 3011 velut
773 2947 805 3008 in
824 2948 985 3025 funebrem
1004 2979 1159 3043 pompm,
1190 2959 1256 3029 vo.

222 3171 356 3226 lationem
374 3170 543 3222 exercituum
553 3169 757 3238 amicorumque
773 3171 881 3227 Vitellii
896 3191 929 3230 ue
944 3178 1106 3247 Vespasiani
1123 3185 1253 3252 pertinse.

222 3263 324 3318 Verum
340 3263 450 3316 Vitellii
467 3263 549 3313 amici
566 3278 623 3314 non
641 3260 694 3312 bue
710 3266 821 3333 velunt,
848 3271 895 3336 sed
913 3269 1020 3330 homiui
1044 3277 1153 3343 trepido
1175 3279 1256 3350 iuge·

222 3358 394 3426 metipsum
410 3356 555 3409 manifesto
575 3358 697 3426 periculo
713 3361 816 3426 obiici,
848 3366 871 3416 si
898 3381 958 3416 cnm
977 3368 1145 3438 Vespasiano
1175 3378 1257 3444 paci·
1335 3394 1338 3406 ·

223 3457 350 3504 sacretur.
383 3451 541 3508 waltherus
560 3451 684 3506 Mediceo
701 3459 817 3510 nimium
839 3459 944 3528 ubique
961 3460 1158 3522 adhaerescens
1175 3468 1257 3524 dedit

223 3545 359 3598 exstineto
377 3547 514 3601 aemulata
534 3543 686 3600 redituram
695 3586 704 3612 ,
733 3559 765 3602 ut
782 3553 936 3606 aemulatus
952 3557 990 3608 tlt
1008 3559 1059 3630 quei
1084 3564 1254 3628 aemuletur,

224 3638 302 3712 quasi
320 3637 411 3693 dicere
432 3641 530 3696 Latine
547 3641 644 3694 liceret
670 3647 805 3700 exstineto
835 3646 946 3701 bonate
969 3669 1020 3722 pru
1045 3659 1179 3710 exstinctu
1203 3661 1257 3730 qui

223 3735 360 3790 duremur.
378 3759 414 3772 -
433 3733 517 3787 Paulo
535 3741 598 3805 poet
614 3739 702 3808 captis
718 3736 831 3803 dietus,
853 3743 1037 3800 nenessitas
1058 3743 1152 3802 dubiis
1177 3750 1254 3819 qued

222 3837 253 3888 iu
274 3833 299 3884 G
314 3830 449 3899 aliisque,
470 3831 533 3886 cll
547 3831 578 3908 li.¹

301 3929 325 3982 8
344 3930 411 3994 tres]
432 3943 475 3979 res
493 3928 552 3990 ΒΡ,
572 3937 599 3981 et
615 3931 706 3982 statim
725 3927 834 3998 degeret
850 3945 899 4000 pro
918 3931 1044 3988 deceret.-

295 4039 333 4092 19.
349 4022 415 4093 filia
432 4023 483 4074 M2.
