<?xml version="1.0" encoding="UTF-8"?>
<!DOCTYPE html PUBLIC "-//W3C//DTD XHTML 1.0 Transitional//EN"
    "http://www.w3.org/TR/xhtml1/DTD/xhtml1-transitional.dtd">
<html xmlns="http://www.w3.org/1999/xhtml" xml:lang="en" lang="en">
 <head>
  <title>
</title>
<meta http-equiv="Content-Type" content="text/html;charset=utf-8" />
  <meta name='ocr-system' content='tesseract 3.04.00' />
  <meta name='ocr-capabilities' content='ocr_page ocr_carea ocr_par ocr_line ocrx_word'/>
</head>
<body>
  <div class='ocr_page' id='page_1' title='image "./ccorneliitaciti01rittgoog_0135.png"; bbox 0 0 2912 4730; ppageno 0'>
   <div class='ocr_carea' id='block_1_1' title="bbox 471 409 1211 514">
    <p class='ocr_par' dir='ltr' id='par_1_1' title="bbox 471 409 1211 514">
     <span class='ocr_line' id='line_1_1' title="bbox 471 409 1211 514; baseline 0.001 -36"><span class='ocrx_word' id='word_1_1' title='bbox 471 470 473 478; x_wconf 88' lang='grc'><em>,</em></span> <span class='ocrx_word' id='word_1_2' title='bbox 508 410 583 474; x_wconf 83' lang='lat' dir='ltr'><strong>Ltss.</strong></span> <span class='ocrx_word' id='word_1_3' title='bbox 605 409 645 476; x_wconf 88' lang='lat'><strong>11.</strong></span> <span class='ocrx_word' id='word_1_4' title='bbox 669 410 758 472; x_wconf 86' lang='lat' dir='ltr'><strong>CAP.</strong></span> <span class='ocrx_word' id='word_1_5' title='bbox 783 414 915 514; x_wconf 81' lang='lat' dir='ltr'><strong>87-9ll·</strong></span> <span class='ocrx_word' id='word_1_6' title='bbox 1154 416 1211 480; x_wconf 71' lang='lat'><strong>123</strong></span> 
     </span>
    </p>
   </div>
   <div class='ocr_carea' id='block_1_2' title="bbox 69 585 1376 3257">
    <p class='ocr_par' dir='ltr' id='par_1_2' title="bbox 69 585 1376 3257">
     <span class='ocr_line' id='line_1_2' title="bbox 200 585 1376 676; baseline 0.007 -33"><span class='ocrx_word' id='word_1_7' title='bbox 200 587 426 665; x_wconf 22' lang='lat' dir='ltr'><strong>immitteretur,</strong></span> <span class='ocrx_word' id='word_1_8' title='bbox 446 587 534 654; x_wconf 78' lang='lat' dir='ltr'><strong>dude</strong></span> <span class='ocrx_word' id='word_1_9' title='bbox 552 585 690 676; x_wconf 66' lang='lat' dir='ltr'><strong>agnitus,</strong></span> <span class='ocrx_word' id='word_1_10' title='bbox 710 605 740 656; x_wconf 90' lang='lat' dir='ltr'><strong>et</strong></span> <span class='ocrx_word' id='word_1_11' title='bbox 759 593 877 676; x_wconf 82' lang='lat' dir='ltr'><strong>volgata</strong></span> <span class='ocrx_word' id='word_1_12' title='bbox 899 591 991 654; x_wconf 80' lang='lat' dir='ltr'><strong>ccede</strong></span> <span class='ocrx_word' id='word_1_13' title='bbox 1012 603 1214 674; x_wconf 86' lang='lat' dir='ltr'><strong>temperatum</strong></span> <span class='ocrx_word' id='word_1_14' title='bbox 1228 593 1255 668; x_wconf 76' lang='lat' dir='ltr'><strong>(a</strong></span> <span class='ocrx_word' id='word_1_15' title='bbox 1275 593 1304 646; x_wconf 86' lang='lat' dir='ltr'><strong>C·</strong></span> <span class='ocrx_word' id='word_1_16' title='bbox 1321 593 1376 664; x_wconf 67' lang='lat' dir='ltr'><strong>en)</strong></span> 
     </span>
     <span class='ocr_line' id='line_1_3' title="bbox 205 675 1218 782; baseline 0.01 -32"><span class='ocrx_word' id='word_1_17' title='bbox 205 689 246 750; x_wconf 85' lang='lat' dir='ltr'><strong>ab</strong></span> <span class='ocrx_word' id='word_1_18' title='bbox 277 693 418 756; x_wconf 82' lang='lat' dir='ltr'><strong>innoxiis.</strong></span> <span class='ocrx_word' id='word_1_19' title='bbox 460 697 579 762; x_wconf 80' lang='lat' dir='ltr'><strong>lius-be</strong></span> <span class='ocrx_word' id='word_1_20' title='bbox 609 712 710 762; x_wconf 83' lang='lat' dir='ltr'><strong>tamen</strong></span> <span class='ocrx_word' id='word_1_21' title='bbox 738 675 922 782; x_wconf 82' lang='lat' dir='ltr'><strong>trepidatum</strong></span> <span class='ocrx_word' id='word_1_22' title='bbox 950 700 1218 780; x_wconf 74' lang='lat' dir='ltr'><strong>praecurrentibus</strong></span> 
     </span>
     <span class='ocr_line' id='line_1_4' title="bbox 205 801 1220 889; baseline 0.013 -32"><span class='ocrx_word' id='word_1_23' title='bbox 205 801 317 878; x_wconf 85' lang='lat' dir='ltr'><strong>passim</strong></span> <span class='ocrx_word' id='word_1_24' title='bbox 334 803 481 868; x_wconf 84' lang='lat' dir='ltr'><strong>militibus</strong></span> <span class='ocrx_word' id='word_1_25' title='bbox 501 808 616 870; x_wconf 84' lang='lat' dir='ltr'><strong>Forum</strong></span> <span class='ocrx_word' id='word_1_26' title='bbox 636 811 764 870; x_wconf 85' lang='lat' dir='ltr'><strong>maxime</strong></span> <span class='ocrx_word' id='word_1_27' title='bbox 778 809 930 889; x_wconf 86' lang='lat' dir='ltr'><strong>petebant,</strong></span> <span class='ocrx_word' id='word_1_28' title='bbox 941 807 1085 888; x_wconf 83' lang='lat' dir='ltr'><strong>cupidine</strong></span> <span class='ocrx_word' id='word_1_29' title='bbox 1101 807 1220 870; x_wconf 87' lang='lat' dir='ltr'><strong>visendi</strong></span> 
     </span>
     <span class='ocr_line' id='line_1_5' title="bbox 204 900 1220 994; baseline 0.008 -30"><span class='ocrx_word' id='word_1_30' title='bbox 204 900 305 967; x_wconf 86' lang='lat' dir='ltr'><strong>locum</strong></span> <span class='ocrx_word' id='word_1_31' title='bbox 319 913 358 970; x_wconf 88' lang='lat' dir='ltr'><strong>‘iu</strong></span> <span class='ocrx_word' id='word_1_32' title='bbox 378 935 441 994; x_wconf 89' lang='lat' dir='ltr'><strong>quo</strong></span> <span class='ocrx_word' id='word_1_33' title='bbox 462 913 538 976; x_wconf 76' lang='lat' dir='ltr'><strong>olba</strong></span> <span class='ocrx_word' id='word_1_34' title='bbox 560 914 709 975; x_wconf 83' lang='lat' dir='ltr'><strong>iacuisset.</strong></span> <span class='ocrx_word' id='word_1_35' title='bbox 749 915 929 976; x_wconf 81' lang='lat' dir='ltr'><strong>Noctuinus</strong></span> <span class='ocrx_word' id='word_1_36' title='bbox 958 934 1080 974; x_wconf 88' lang='lat' dir='ltr'><strong>saevom</strong></span> <span class='ocrx_word' id='word_1_37' title='bbox 1102 924 1220 994; x_wconf 87' lang='lat' dir='ltr'><strong>specta·</strong></span> 
     </span>
     <span class='ocr_line' id='line_1_6' title="bbox 176 1007 1220 1103; baseline 0.009 -33"><span class='ocrx_word' id='word_1_38' title='bbox 176 1007 307 1076; x_wconf 69' lang='lat' dir='ltr'><strong>tentum</strong></span> <span class='ocrx_word' id='word_1_39' title='bbox 329 1031 420 1080; x_wconf 88' lang='lat' dir='ltr'><strong>erant</strong></span> <span class='ocrx_word' id='word_1_40' title='bbox 440 1024 495 1103; x_wconf 88' lang='lat' dir='ltr'><strong>ips,</strong></span> <span class='ocrx_word' id='word_1_41' title='bbox 519 1021 613 1103; x_wconf 84' lang='lat' dir='ltr'><strong>tergis</strong></span> <span class='ocrx_word' id='word_1_42' title='bbox 640 1021 773 1082; x_wconf 84' lang='lat' dir='ltr'><strong>ferarum</strong></span> <span class='ocrx_word' id='word_1_43' title='bbox 800 1031 830 1080; x_wconf 88' lang='lat' dir='ltr'><strong>et</strong></span> <span class='ocrx_word' id='word_1_44' title='bbox 857 1021 1027 1102; x_wconf 82' lang='lat' dir='ltr'><strong>ingentibus</strong></span> <span class='ocrx_word' id='word_1_45' title='bbox 1051 1020 1116 1082; x_wconf 90' lang='lat' dir='ltr'><strong>telis</strong></span> <span class='ocrx_word' id='word_1_46' title='bbox 1148 1021 1220 1080; x_wconf 86' lang='lat' dir='ltr'><strong>hor-</strong></span> 
     </span>
     <span class='ocr_line' id='line_1_7' title="bbox 202 1115 1216 1210; baseline -0.003 -21"><span class='ocrx_word' id='word_1_47' title='bbox 202 1133 321 1198; x_wconf 76' lang='lat' dir='ltr'><strong>rentes,</strong></span> <span class='ocrx_word' id='word_1_48' title='bbox 343 1115 416 1188; x_wconf 83' lang='lat' dir='ltr'><strong>curn</strong></span> <span class='ocrx_word' id='word_1_49' title='bbox 437 1139 542 1192; x_wconf 86' lang='lat' dir='ltr'><strong>tunam</strong></span> <span class='ocrx_word' id='word_1_50' title='bbox 562 1129 671 1210; x_wconf 92' lang='lat' dir='ltr'><strong>populi</strong></span> <span class='ocrx_word' id='word_1_51' title='bbox 693 1149 748 1209; x_wconf 84' lang='lat' dir='ltr'><strong>per</strong></span> <span class='ocrx_word' id='word_1_52' title='bbox 768 1123 915 1188; x_wconf 85' lang='lat' dir='ltr'><strong>inscitiam</strong></span> <span class='ocrx_word' id='word_1_53' title='bbox 938 1151 1045 1210; x_wconf 88' lang='lat' dir='ltr'><strong>parum</strong></span> <span class='ocrx_word' id='word_1_54' title='bbox 1076 1131 1216 1204; x_wconf 79' lang='lat' dir='ltr'><strong>vitarent,</strong></span> 
     </span>
     <span class='ocr_line' id='line_1_8' title="bbox 203 1233 1219 1318; baseline 0.01 -30"><span class='ocrx_word' id='word_1_55' title='bbox 203 1233 330 1291; x_wconf 67' lang='lat' dir='ltr'><strong>rutubi</strong></span> <span class='ocrx_word' id='word_1_56' title='bbox 347 1233 466 1300; x_wconf 89' lang='lat' dir='ltr'><strong>lubrico</strong></span> <span class='ocrx_word' id='word_1_57' title='bbox 484 1240 539 1299; x_wconf 66' lang='lat' dir='ltr'><strong>tieie</strong></span> <span class='ocrx_word' id='word_1_58' title='bbox 561 1238 606 1298; x_wconf 85' lang='lat' dir='ltr'><strong>vel</strong></span> <span class='ocrx_word' id='word_1_59' title='bbox 628 1257 759 1300; x_wconf 86' lang='lat' dir='ltr'><strong>occursu</strong></span> <span class='ocrx_word' id='word_1_60' title='bbox 782 1235 909 1300; x_wconf 88' lang='lat' dir='ltr'><strong>alicuius</strong></span> <span class='ocrx_word' id='word_1_61' title='bbox 930 1235 1154 1318; x_wconf 66' lang='lat' dir='ltr'><strong>procidissent</strong></span> <span class='ocrx_word' id='word_1_62' title='bbox 1178 1237 1219 1298; x_wconf 94' lang='lat' dir='ltr'><strong>ad</strong></span> 
     </span>
     <span class='ocr_line' id='line_1_9' title="bbox 202 1335 1220 1422; baseline 0.011 -29"><span class='ocrx_word' id='word_1_63' title='bbox 202 1335 353 1418; x_wconf 89' lang='lat' dir='ltr'><strong>iurgium,</strong></span> <span class='ocrx_word' id='word_1_64' title='bbox 388 1346 503 1406; x_wconf 85' lang='lat' dir='ltr'><strong>mord</strong></span> <span class='ocrx_word' id='word_1_65' title='bbox 530 1350 687 1406; x_wconf 81' lang='lat' dir='ltr'><strong>manus&#39;et</strong></span> <span class='ocrx_word' id='word_1_66' title='bbox 715 1341 831 1402; x_wconf 79' lang='lat' dir='ltr'><strong>ferrum</strong></span> <span class='ocrx_word' id='word_1_67' title='bbox 860 1344 1032 1404; x_wconf 80' lang='lat' dir='ltr'><strong>transirent.</strong></span> <span class='ocrx_word' id='word_1_68' title='bbox 1075 1344 1157 1422; x_wconf 93' lang='lat' dir='ltr'><strong>Quin</strong></span> <span class='ocrx_word' id='word_1_69' title='bbox 1188 1351 1220 1404; x_wconf 88' lang='lat' dir='ltr'><strong>ct</strong></span> 
     </span>
     <span class='ocr_line' id='line_1_10' title="bbox 200 1443 1220 1534; baseline 0.008 -33"><span class='ocrx_word' id='word_1_70' title='bbox 200 1443 317 1506; x_wconf 87' lang='lat' dir='ltr'><strong>tribuni</strong></span> <span class='ocrx_word' id='word_1_71' title='bbox 344 1451 538 1534; x_wconf 74' lang='lat' dir='ltr'><strong>praefertque</strong></span> <span class='ocrx_word' id='word_1_72' title='bbox 566 1469 635 1510; x_wconf 86' lang='lat' dir='ltr'><strong>eum</strong></span> <span class='ocrx_word' id='word_1_73' title='bbox 663 1461 780 1511; x_wconf 89' lang='lat' dir='ltr'><strong>terrore</strong></span> <span class='ocrx_word' id='word_1_74' title='bbox 798 1454 801 1464; x_wconf 90' lang='lat'>&#39;</span> <span class='ocrx_word' id='word_1_75' title='bbox 818 1459 848 1510; x_wconf 88' lang='lat' dir='ltr'><strong>et</strong></span> <span class='ocrx_word' id='word_1_76' title='bbox 877 1458 1063 1510; x_wconf 86' lang='lat' dir='ltr'><strong>armatorum</strong></span> <span class='ocrx_word' id='word_1_77' title='bbox 1091 1451 1220 1512; x_wconf 80' lang='lat' dir='ltr'><strong>catervis</strong></span> 
     </span>
     <span class='ocr_line' id='line_1_11' title="bbox 132 1534 1218 1642; baseline 0.006 -29"><span class='ocrx_word' id='word_1_78' title='bbox 132 1534 187 1616; x_wconf 81' lang='grc'><strong>89</strong></span> <span class='ocrx_word' id='word_1_79' title='bbox 200 1550 379 1618; x_wconf 85' lang='lat' dir='ltr'><strong>volitabant.</strong></span> <span class='ocrx_word' id='word_1_80' title='bbox 422 1561 479 1642; x_wconf 71' lang='lat' dir='ltr'><strong>lpse</strong></span> <span class='ocrx_word' id='word_1_81' title='bbox 506 1557 639 1620; x_wconf 80' lang='lat' dir='ltr'><strong>Vitellius</strong></span> <span class='ocrx_word' id='word_1_82' title='bbox 659 1558 791 1640; x_wconf 85' lang='lat' dir='ltr'><strong>a&#39;ponte</strong></span> <span class='ocrx_word' id='word_1_83' title='bbox 812 1558 950 1629; x_wconf 83' lang='lat' dir='ltr'><strong>Mulvio,</strong></span> <span class='ocrx_word' id='word_1_84' title='bbox 985 1558 1093 1640; x_wconf 80' lang='lat' dir='ltr'><strong>insigni</strong></span> <span class='ocrx_word' id='word_1_85' title='bbox 1123 1581 1218 1640; x_wconf 89' lang='lat' dir='ltr'><strong>equo,</strong></span> 
     </span>
     <span class='ocr_line' id='line_1_12' title="bbox 196 1659 1220 1749; baseline 0.005 -30"><span class='ocrx_word' id='word_1_86' title='bbox 196 1659 358 1741; x_wconf 84' lang='lat' dir='ltr'><strong>paludatus</strong></span> <span class='ocrx_word' id='word_1_87' title='bbox 379 1667 590 1749; x_wconf 74' lang='lat' dir='ltr'><strong>accinctusque¹</strong></span> <span class='ocrx_word' id='word_1_88' title='bbox 610 1677 748 1726; x_wconf 89' lang='lat' dir='ltr'><strong>senatum</strong></span> <span class='ocrx_word' id='word_1_89' title='bbox 769 1677 799 1727; x_wconf 92' lang='lat' dir='ltr'><strong>et</strong></span> <span class='ocrx_word' id='word_1_90' title='bbox 813 1666 959 1746; x_wconf 85' lang='lat' dir='ltr'><strong>populum</strong></span> <span class='ocrx_word' id='word_1_91' title='bbox 971 1674 1044 1726; x_wconf 88' lang='lat' dir='ltr'><strong>ante</strong></span> <span class='ocrx_word' id='word_1_92' title='bbox 1066 1685 1098 1725; x_wconf 87' lang='lat' dir='ltr'><strong>se</strong></span> <span class='ocrx_word' id='word_1_93' title='bbox 1114 1687 1220 1747; x_wconf 77' lang='lat' dir='ltr'><strong>agens,</strong></span> 
     </span>
     <span class='ocr_line' id='line_1_13' title="bbox 118 1753 1220 1857; baseline 0.004 -33"><span class='ocrx_word' id='word_1_94' title='bbox 118 1777 123 1785; x_wconf 80' lang='grc'><em>’</em></span> <span class='ocrx_word' id='word_1_95' title='bbox 197 1769 381 1850; x_wconf 86' lang='lat' dir='ltr'><strong>quominus</strong></span> <span class='ocrx_word' id='word_1_96' title='bbox 401 1784 437 1834; x_wconf 89' lang='lat' dir='ltr'><strong>ut</strong></span> <span class='ocrx_word' id='word_1_97' title='bbox 458 1785 572 1857; x_wconf 76' lang='lat' dir='ltr'><strong>captam</strong></span> <span class='ocrx_word' id='word_1_98' title='bbox 588 1753 696 1832; x_wconf 81' lang='lat' dir='ltr'><strong>orbern</strong></span> <span class='ocrx_word' id='word_1_99' title='bbox 719 1770 945 1852; x_wconf 83' lang='lat' dir='ltr'><strong>ingrederetur,</strong></span> <span class='ocrx_word' id='word_1_100' title='bbox 968 1772 1220 1830; x_wconf 83' lang='lat' dir='ltr'><strong>amicornmcon-</strong></span> 
     </span>
     <span class='ocr_line' id='line_1_14' title="bbox 197 1873 1220 1961; baseline 0.003 -28"><span class='ocrx_word' id='word_1_101' title='bbox 197 1873 263 1935; x_wconf 91' lang='lat' dir='ltr'><strong>silio</strong></span> <span class='ocrx_word' id='word_1_102' title='bbox 281 1877 464 1960; x_wconf 90' lang='lat' dir='ltr'><strong>deterritus,</strong></span> <span class='ocrx_word' id='word_1_103' title='bbox 485 1890 595 1961; x_wconf 76' lang='lat' dir='ltr'><strong>sumpti</strong></span> <span class='ocrx_word' id='word_1_104' title='bbox 615 1889 767 1960; x_wconf 82' lang='lat' dir='ltr'><strong>praetexte</strong></span> <span class='ocrx_word' id='word_1_105' title='bbox 792 1889 821 1940; x_wconf 91' lang='lat' dir='ltr'><strong>et</strong></span> <span class='ocrx_word' id='word_1_106' title='bbox 841 1878 1010 1959; x_wconf 87' lang='lat' dir='ltr'><strong>composito</strong></span> <span class='ocrx_word' id='word_1_107' title='bbox 1031 1879 1149 1958; x_wconf 85' lang='lat' dir='ltr'><strong>agmine</strong></span> <span class='ocrx_word' id='word_1_108' title='bbox 1172 1879 1220 1936; x_wconf 91' lang='lat' dir='ltr'><strong>in-</strong></span> 
     </span>
     <span class='ocr_line' id='line_1_15' title="bbox 196 1981 1221 2068; baseline 0 -27"><span class='ocrx_word' id='word_1_109' title='bbox 196 1985 292 2048; x_wconf 85' lang='lat' dir='ltr'><strong>cessit.</strong></span> <span class='ocrx_word' id='word_1_110' title='bbox 333 1985 490 2063; x_wconf 88' lang='lat' dir='ltr'><strong>Quattuor</strong></span> <span class='ocrx_word' id='word_1_111' title='bbox 509 1987 653 2068; x_wconf 80' lang='lat' dir='ltr'><strong>legiorom</strong></span> <span class='ocrx_word' id='word_1_112' title='bbox 673 1985 793 2067; x_wconf 85' lang='lat' dir='ltr'><strong>aquilae</strong></span> <span class='ocrx_word' id='word_1_113' title='bbox 816 2007 873 2066; x_wconf 89' lang='lat' dir='ltr'><strong>per</strong></span> <span class='ocrx_word' id='word_1_114' title='bbox 902 1985 1050 2056; x_wconf 75' lang='lat' dir='ltr'><strong>frontem,</strong></span> <span class='ocrx_word' id='word_1_115' title='bbox 1077 1981 1221 2042; x_wconf 87' lang='lat' dir='ltr'><strong>totidem-</strong></span> 
     </span>
     <span class='ocr_line' id='line_1_16' title="bbox 149 2089 1221 2178; baseline 0 -30"><span class='ocrx_word' id='word_1_116' title='bbox 149 2104 255 2170; x_wconf 71' lang='lat' dir='ltr'><strong>15qne</strong></span> <span class='ocrx_word' id='word_1_117' title='bbox 276 2093 354 2151; x_wconf 87' lang='lat' dir='ltr'><strong>circa</strong></span> <span class='ocrx_word' id='word_1_118' title='bbox 376 2113 394 2152; x_wconf 88' lang='lat' dir='ltr'><strong>e</strong></span> <span class='ocrx_word' id='word_1_119' title='bbox 413 2090 581 2174; x_wconf 85' lang='lat' dir='ltr'><strong>legionibus</strong></span> <span class='ocrx_word' id='word_1_120' title='bbox 595 2093 660 2178; x_wconf 57' lang='lat' dir='ltr'><strong>filiis</strong></span> <span class='ocrx_word' id='word_1_121' title='bbox 683 2091 811 2168; x_wconf 86' lang='lat' dir='ltr'><strong>vexilla,</strong></span> <span class='ocrx_word' id='word_1_122' title='bbox 833 2113 900 2152; x_wconf 85' lang='lat' dir='ltr'><strong>mox</strong></span> <span class='ocrx_word' id='word_1_123' title='bbox 923 2090 1081 2150; x_wconf 85' lang='lat' dir='ltr'><strong>duodecim</strong></span> <span class='ocrx_word' id='word_1_124' title='bbox 1101 2089 1221 2150; x_wconf 82' lang='lat' dir='ltr'><strong>alarum</strong></span> 
     </span>
     <span class='ocr_line' id='line_1_17' title="bbox 195 2193 1220 2278; baseline 0.001 -24"><span class='ocrx_word' id='word_1_125' title='bbox 195 2193 301 2274; x_wconf 83' lang='lat' dir='ltr'><strong>sigua,</strong></span> <span class='ocrx_word' id='word_1_126' title='bbox 332 2207 363 2256; x_wconf 89' lang='lat' dir='ltr'><strong>et</strong></span> <span class='ocrx_word' id='word_1_127' title='bbox 395 2207 463 2275; x_wconf 89' lang='lat' dir='ltr'><strong>post</strong></span> <span class='ocrx_word' id='word_1_128' title='bbox 482 2198 612 2276; x_wconf 85' lang='lat' dir='ltr'><strong>peditun</strong></span> <span class='ocrx_word' id='word_1_129' title='bbox 631 2199 752 2260; x_wconf 83' lang='lat' dir='ltr'><strong>ordines</strong></span> <span class='ocrx_word' id='word_1_130' title='bbox 774 2219 885 2278; x_wconf 81' lang='lat' dir='ltr'><strong>eques3</strong></span> <span class='ocrx_word' id='word_1_131' title='bbox 915 2197 984 2256; x_wconf 89' lang='lat' dir='ltr'><strong>dein</strong></span> <span class='ocrx_word' id='word_1_132' title='bbox 1013 2205 1160 2278; x_wconf 82' lang='lat' dir='ltr'><strong>quattuor·</strong></span> <span class='ocrx_word' id='word_1_133' title='bbox 1191 2208 1220 2255; x_wconf 89' lang='lat' dir='ltr'><strong>et</strong></span> 
     </span>
     <span class='ocr_line' id='line_1_18' title="bbox 119 2289 1219 2386; baseline 0.003 -25"><span class='ocrx_word' id='word_1_134' title='bbox 119 2321 127 2333; x_wconf 77' lang='lat'><strong><em>¹</em></strong></span> <span class='ocrx_word' id='word_1_135' title='bbox 194 2303 322 2382; x_wconf 84' lang='lat' dir='ltr'><strong>triginta</strong></span> <span class='ocrx_word' id='word_1_136' title='bbox 339 2289 494 2381; x_wconf 85' lang='lat' dir='ltr'><strong>cohortes,</strong></span> <span class='ocrx_word' id='word_1_137' title='bbox 513 2315 548 2364; x_wconf 92' lang='lat' dir='ltr'><strong>nt</strong></span> <span class='ocrx_word' id='word_1_138' title='bbox 569 2310 683 2366; x_wconf 73' lang='lat' dir='ltr'><strong>nimina</strong></span> <span class='ocrx_word' id='word_1_139' title='bbox 701 2307 838 2386; x_wconf 87' lang='lat' dir='ltr'><strong>gentium</strong></span> <span class='ocrx_word' id='word_1_140' title='bbox 859 2315 910 2364; x_wconf 89' lang='lat' dir='ltr'><strong>aut</strong></span> <span class='ocrx_word' id='word_1_141' title='bbox 928 2306 1040 2386; x_wconf 88' lang='lat' dir='ltr'><strong>species</strong></span> <span class='ocrx_word' id='word_1_142' title='bbox 1063 2325 1219 2364; x_wconf 84' lang='lat' dir='ltr'><strong>armorum</strong></span> 
     </span>
     <span class='ocr_line' id='line_1_19' title="bbox 195 2408 1219 2495; baseline 0.002 -27"><span class='ocrx_word' id='word_1_143' title='bbox 195 2408 315 2487; x_wconf 80' lang='lat' dir='ltr'><strong>forent,</strong></span> <span class='ocrx_word' id='word_1_144' title='bbox 336 2410 495 2472; x_wconf 82' lang='lat' dir='ltr'><strong>discretae.</strong></span> <span class='ocrx_word' id='word_1_145' title='bbox 537 2415 613 2474; x_wconf 69' lang='lat' dir='ltr'><strong>Ante</strong></span> <span class='ocrx_word' id='word_1_146' title='bbox 635 2410 767 2494; x_wconf 87' lang='lat' dir='ltr'><strong>aquilam</strong></span> <span class='ocrx_word' id='word_1_147' title='bbox 794 2413 939 2495; x_wconf 85' lang='lat' dir='ltr'><strong>praefecti</strong></span> <span class='ocrx_word' id='word_1_148' title='bbox 969 2421 1135 2474; x_wconf 89' lang='lat' dir='ltr'><strong>castrorum</strong></span> <span class='ocrx_word' id='word_1_149' title='bbox 1163 2413 1219 2470; x_wconf 88' lang='lat' dir='ltr'><strong>tri-</strong></span> 
     </span>
     <span class='ocr_line' id='line_1_20' title="bbox 166 2502 1218 2602; baseline 0.001 -25"><span class='ocrx_word' id='word_1_150' title='bbox 166 2502 168 2506; x_wconf 24' lang='lat'>·</span> <span class='ocrx_word' id='word_1_151' title='bbox 194 2516 332 2600; x_wconf 88' lang='lat' dir='ltr'><strong>buniqne</strong></span> <span class='ocrx_word' id='word_1_152' title='bbox 351 2531 380 2580; x_wconf 91' lang='lat' dir='ltr'><strong>et</strong></span> <span class='ocrx_word' id='word_1_153' title='bbox 401 2521 489 2602; x_wconf 90' lang='lat' dir='ltr'><strong>primi</strong></span> <span class='ocrx_word' id='word_1_154' title='bbox 510 2513 726 2600; x_wconf 82' lang='lat' dir='ltr'><strong>centurionum,</strong></span> <span class='ocrx_word' id='word_1_155' title='bbox 749 2519 875 2582; x_wconf 86' lang='lat' dir='ltr'><strong>candida</strong></span> <span class='ocrx_word' id='word_1_156' title='bbox 896 2533 997 2599; x_wconf 85' lang='lat' dir='ltr'><strong>veste;</strong></span> <span class='ocrx_word' id='word_1_157' title='bbox 1026 2519 1120 2588; x_wconf 89' lang='lat' dir='ltr'><strong>ceteri</strong></span> <span class='ocrx_word' id='word_1_158' title='bbox 1137 2522 1218 2580; x_wconf 83' lang='lat' dir='ltr'><strong>iurtn</strong></span> 
     </span>
     <span class='ocr_line' id='line_1_21' title="bbox 146 2614 1220 2713; baseline 0.005 -30"><span class='ocrx_word' id='word_1_159' title='bbox 146 2641 279 2688; x_wconf 75' lang='lat' dir='ltr'><strong>nostram</strong></span> <span class='ocrx_word' id='word_1_160' title='bbox 314 2631 442 2711; x_wconf 88' lang='lat' dir='ltr'><strong>quisque</strong></span> <span class='ocrx_word' id='word_1_161' title='bbox 472 2614 653 2708; x_wconf 82' lang='lat' dir='ltr'><strong>centuriam,</strong></span> <span class='ocrx_word' id='word_1_162' title='bbox 679 2630 772 2692; x_wconf 79' lang='lat' dir='ltr'><strong>ermis</strong></span> <span class='ocrx_word' id='word_1_163' title='bbox 801 2629 950 2713; x_wconf 91' lang='lat' dir='ltr'><strong>donisque</strong></span> <span class='ocrx_word' id='word_1_164' title='bbox 979 2614 1137 2712; x_wconf 84' lang='lat' dir='ltr'><strong>fdlgentes.</strong></span> <span class='ocrx_word' id='word_1_165' title='bbox 1178 2629 1220 2688; x_wconf 91' lang='lat' dir='ltr'><strong>Et</strong></span> 
     </span>
     <span class='ocr_line' id='line_1_22' title="bbox 193 2736 1217 2822; baseline -0.002 -26"><span class='ocrx_word' id='word_1_166' title='bbox 193 2736 325 2798; x_wconf 86' lang='lat' dir='ltr'><strong>rnilitum</strong></span> <span class='ocrx_word' id='word_1_167' title='bbox 350 2737 493 2819; x_wconf 85' lang='lat' dir='ltr'><strong>phalerae</strong></span> <span class='ocrx_word' id='word_1_168' title='bbox 513 2749 691 2822; x_wconf 85' lang='lat' dir='ltr'><strong>torquesque</strong></span> <span class='ocrx_word' id='word_1_169' title='bbox 719 2739 925 2822; x_wconf 84' lang='lat' dir='ltr'><strong>splendebant.</strong></span> <span class='ocrx_word' id='word_1_170' title='bbox 968 2741 1088 2806; x_wconf 87' lang='lat' dir='ltr'><strong>Decora</strong></span> <span class='ocrx_word' id='word_1_171' title='bbox 1116 2736 1217 2808; x_wconf 84' lang='lat' dir='ltr'><strong>facies,</strong></span> 
     </span>
     <span class='ocr_line' id='line_1_23' title="bbox 194 2839 1217 2932; baseline 0 -28"><span class='ocrx_word' id='word_1_172' title='bbox 194 2853 225 2904; x_wconf 84' lang='lat' dir='ltr'><strong>et</strong></span> <span class='ocrx_word' id='word_1_173' title='bbox 243 2865 304 2904; x_wconf 90' lang='lat' dir='ltr'><strong>non</strong></span> <span class='ocrx_word' id='word_1_174' title='bbox 328 2845 452 2908; x_wconf 89' lang='lat' dir='ltr'><strong>Vitellio</strong></span> <span class='ocrx_word' id='word_1_175' title='bbox 472 2849 605 2932; x_wconf 86' lang='lat' dir='ltr'><strong>principe</strong></span> <span class='ocrx_word' id='word_1_176' title='bbox 625 2849 739 2930; x_wconf 85' lang='lat' dir='ltr'><strong>dignus</strong></span> <span class='ocrx_word' id='word_1_177' title='bbox 763 2846 920 2908; x_wconf 87' lang='lat' dir='ltr'><strong>exercitus.</strong></span> <span class='ocrx_word' id='word_1_178' title='bbox 963 2847 1012 2908; x_wconf 89' lang='lat' dir='ltr'><strong>Sic</strong></span> <span class='ocrx_word' id='word_1_179' title='bbox 1034 2839 1217 2928; x_wconf 86' lang='lat' dir='ltr'><strong>Capitolium</strong></span> 
     </span>
     <span class='ocr_line' id='line_1_24' title="bbox 193 2947 1218 3033; baseline 0.005 -27"><span class='ocrx_word' id='word_1_180' title='bbox 193 2947 365 3030; x_wconf 86' lang='lat' dir='ltr'><strong>ingressus,</strong></span> <span class='ocrx_word' id='word_1_181' title='bbox 387 2963 478 3033; x_wconf 84' lang='lat' dir='ltr'><strong>atque</strong></span> <span class='ocrx_word' id='word_1_182' title='bbox 498 2953 540 3013; x_wconf 90' lang='lat' dir='ltr'><strong>ibi</strong></span> <span class='ocrx_word' id='word_1_183' title='bbox 560 2966 690 3015; x_wconf 83' lang='lat' dir='ltr'><strong>matrem</strong></span> <span class='ocrx_word' id='word_1_184' title='bbox 720 2950 887 3032; x_wconf 81' lang='lat' dir='ltr'><strong>complexus</strong></span> <span class='ocrx_word' id='word_1_185' title='bbox 910 2951 1068 3033; x_wconf 87' lang='lat' dir='ltr'><strong>Augustae</strong></span> <span class='ocrx_word' id='word_1_186' title='bbox 1095 2953 1218 3012; x_wconf 87' lang='lat' dir='ltr'><strong>nomine</strong></span> 
     </span>
     <span class='ocr_line' id='line_1_25' title="bbox 126 3038 1218 3142; baseline 0.003 -26"><span class='ocrx_word' id='word_1_187' title='bbox 126 3047 382 3128; x_wconf 60' lang='grc' dir='ltr'><strong>ΕΙΟΙιοιιοιιιιιίιΓ</strong></span> <span class='ocrx_word' id='word_1_188' title='bbox 405 3038 531 3122; x_wconf 71' lang='lat' dir='ltr'><strong>Postera</strong></span> <span class='ocrx_word' id='word_1_189' title='bbox 558 3061 623 3139; x_wconf 88' lang='lat' dir='ltr'><strong>die,</strong></span> <span class='ocrx_word' id='word_1_190' title='bbox 652 3073 794 3142; x_wconf 81' lang='lat' dir='ltr'><strong>tanquam</strong></span> <span class='ocrx_word' id='word_1_191' title='bbox 821 3059 902 3142; x_wconf 80' lang='lat' dir='ltr'><strong>apud</strong></span> <span class='ocrx_word' id='word_1_192' title='bbox 930 3060 1070 3132; x_wconf 58' lang='lat' dir='ltr'><strong>alterius,</strong></span> <span class='ocrx_word' id='word_1_193' title='bbox 1087 3058 1218 3120; x_wconf 84' lang='lat' dir='ltr'><strong>civitatis</strong></span> 
     </span>
     <span class='ocr_line' id='line_1_26' title="bbox 69 3165 1218 3257; baseline 0.003 -30"><span class='ocrx_word' id='word_1_194' title='bbox 69 3176 71 3180; x_wconf 82' lang='lat'>&#39;</span> <span class='ocrx_word' id='word_1_195' title='bbox 144 3166 331 3230; x_wconf 79' lang='lat' dir='ltr'><strong>abseratum</strong></span> <span class='ocrx_word' id='word_1_196' title='bbox 347 3171 570 3253; x_wconf 75' lang='lat' dir='ltr'><strong>populumque,</strong></span> <span class='ocrx_word' id='word_1_197' title='bbox 591 3171 777 3254; x_wconf 80' lang='lat' dir='ltr'><strong>magnificem</strong></span> <span class='ocrx_word' id='word_1_198' title='bbox 800 3165 969 3234; x_wconf 84' lang='lat' dir='ltr'><strong>orationem</strong></span> <span class='ocrx_word' id='word_1_199' title='bbox 990 3167 1029 3230; x_wconf 86' lang='lat' dir='ltr'><strong>de</strong></span> <span class='ocrx_word' id='word_1_200' title='bbox 1049 3170 1218 3257; x_wconf 73' lang='lat' dir='ltr'><strong>semetipso</strong></span> 
     </span>
    </p>
   </div>
   <div class='ocr_carea' id='block_1_3' title="bbox 193 3439 1219 4098">
    <p class='ocr_par' dir='ltr' id='par_1_3' title="bbox 278 3439 511 3514">
     <span class='ocr_line' id='line_1_27' title="bbox 278 3439 511 3514; baseline -0.004 -15"><span class='ocrx_word' id='word_1_201' title='bbox 278 3449 293 3514; x_wconf 72' lang='grc'>4</span> <span class='ocrx_word' id='word_1_202' title='bbox 320 3439 447 3501; x_wconf 78' lang='lat' dir='ltr'><strong>scnevuni.</strong></span> <span class='ocrx_word' id='word_1_203' title='bbox 461 3447 511 3499; x_wconf 66' lang='lat' dir='ltr'><strong>Ma.</strong></span> 
     </span>
    </p>

    <p class='ocr_par' dir='ltr' id='par_1_4' title="bbox 193 3541 1219 3978">
     <span class='ocr_line' id='line_1_28' title="bbox 266 3541 1219 3616; baseline -0.004 -20"><span class='ocrx_word' id='word_1_204' title='bbox 266 3562 305 3598; x_wconf 88' lang='grc' dir='ltr'><strong>ιο.</strong></span> <span class='ocrx_word' id='word_1_205' title='bbox 324 3541 505 3616; x_wconf 68' lang='lat' dir='ltr'><strong>Mntvtottta</strong></span> <span class='ocrx_word' id='word_1_206' title='bbox 522 3545 626 3607; x_wconf 84' lang='lat' dir='ltr'><strong>mulvi,</strong></span> <span class='ocrx_word' id='word_1_207' title='bbox 648 3552 675 3598; x_wconf 92' lang='lat' dir='ltr'><strong>et</strong></span> <span class='ocrx_word' id='word_1_208' title='bbox 689 3543 764 3595; x_wconf 86' lang='lat' dir='ltr'><strong>idem</strong></span> <span class='ocrx_word' id='word_1_209' title='bbox 784 3543 837 3606; x_wconf 90' lang='lat'><strong>111,</strong></span> <span class='ocrx_word' id='word_1_210' title='bbox 864 3543 907 3598; x_wconf 78' lang='lat'><strong>82.</strong></span> <span class='ocrx_word' id='word_1_211' title='bbox 929 3541 1018 3595; x_wconf 72' lang='lat' dir='ltr'><strong>mutor·</strong></span> <span class='ocrx_word' id='word_1_212' title='bbox 1029 3576 1037 3602; x_wconf 93' lang='lat'><strong><em>‚</em></strong></span> <span class='ocrx_word' id='word_1_213' title='bbox 1062 3555 1117 3592; x_wconf 88' lang='lat' dir='ltr'><strong>nnn</strong></span> <span class='ocrx_word' id='word_1_214' title='bbox 1129 3567 1131 3571; x_wconf 50' lang='lat'><strong><em>¹</em></strong></span> <span class='ocrx_word' id='word_1_215' title='bbox 1143 3543 1219 3594; x_wconf 85' lang='lat' dir='ltr'><strong>Mul-</strong></span> 
     </span>
     <span class='ocr_line' id='line_1_29' title="bbox 195 3635 1218 3708; baseline -0.003 -19"><span class='ocrx_word' id='word_1_216' title='bbox 195 3637 273 3693; x_wconf 81' lang='lat' dir='ltr'><strong>vium.</strong></span> <span class='ocrx_word' id='word_1_217' title='bbox 290 3666 324 3676; x_wconf 93' lang='lat'>-</span> <span class='ocrx_word' id='word_1_218' title='bbox 342 3635 494 3690; x_wconf 81' lang='lat' dir='ltr'><strong>Waltberus</strong></span> <span class='ocrx_word' id='word_1_219' title='bbox 513 3635 548 3688; x_wconf 85' lang='lat' dir='ltr'><strong>ad</strong></span> <span class='ocrx_word' id='word_1_220' title='bbox 567 3646 709 3708; x_wconf 87' lang='lat' dir='ltr'><strong>utrumque</strong></span> <span class='ocrx_word' id='word_1_221' title='bbox 736 3636 825 3687; x_wconf 85' lang='lat' dir='ltr'><strong>locum</strong></span> <span class='ocrx_word' id='word_1_222' title='bbox 852 3653 881 3689; x_wconf 85' lang='lat' dir='ltr'><strong>se</strong></span> <span class='ocrx_word' id='word_1_223' title='bbox 907 3635 1040 3688; x_wconf 77' lang='lat' dir='ltr'><strong>inclinare</strong></span> <span class='ocrx_word' id='word_1_224' title='bbox 1064 3643 1096 3688; x_wconf 91' lang='lat' dir='ltr'><strong>ut</strong></span> <span class='ocrx_word' id='word_1_225' title='bbox 1119 3639 1218 3688; x_wconf 77' lang='lat' dir='ltr'><strong>scribut.</strong></span> 
     </span>
     <span class='ocr_line' id='line_1_30' title="bbox 193 3717 1218 3802; baseline -0.005 -17"><span class='ocrx_word' id='word_1_226' title='bbox 193 3731 294 3785; x_wconf 82' lang='lat' dir='ltr'><strong>Mulvii</strong></span> <span class='ocrx_word' id='word_1_227' title='bbox 311 3733 446 3802; x_wconf 79' lang='lat' dir='ltr'><strong>professus</strong></span> <span class='ocrx_word' id='word_1_228' title='bbox 466 3717 515 3797; x_wconf 77' lang='lat' dir='ltr'><strong>eit,</strong></span> <span class='ocrx_word' id='word_1_229' title='bbox 534 3733 579 3786; x_wconf 86' lang='lat' dir='ltr'><strong>sed</strong></span> <span class='ocrx_word' id='word_1_230' title='bbox 597 3741 655 3786; x_wconf 91' lang='lat' dir='ltr'><strong>toto</strong></span> <span class='ocrx_word' id='word_1_231' title='bbox 673 3732 841 3786; x_wconf 78' lang='lat' dir='ltr'><strong>cacloerrnt.</strong></span> <span class='ocrx_word' id='word_1_232' title='bbox 859 3745 921 3782; x_wconf 87' lang='lat' dir='ltr'><strong>eum</strong></span> <span class='ocrx_word' id='word_1_233' title='bbox 940 3727 969 3782; x_wconf 89' lang='lat' dir='ltr'><strong>id</strong></span> <span class='ocrx_word' id='word_1_234' title='bbox 985 3717 1040 3784; x_wconf 76' lang='lat' dir='ltr'><strong>alio</strong></span> <span class='ocrx_word' id='word_1_235' title='bbox 1059 3729 1147 3783; x_wconf 84' lang='lat' dir='ltr'><strong>Taciti</strong></span> <span class='ocrx_word' id='word_1_236' title='bbox 1158 3733 1218 3782; x_wconf 85' lang='lat' dir='ltr'><strong>loco</strong></span> 
     </span>
     <span class='ocr_line' id='line_1_31' title="bbox 195 3822 1219 3894; baseline -0.001 -21"><span class='ocrx_word' id='word_1_237' title='bbox 195 3822 240 3891; x_wconf 83' lang='lat' dir='ltr'><strong>(tt.</strong></span> <span class='ocrx_word' id='word_1_238' title='bbox 259 3826 288 3885; x_wconf 89' lang='grc' dir='ltr'><strong>Ι,</strong></span> <span class='ocrx_word' id='word_1_239' title='bbox 308 3826 376 3894; x_wconf 67' lang='lat' dir='ltr'><strong>tn),</strong></span> <span class='ocrx_word' id='word_1_240' title='bbox 394 3825 443 3876; x_wconf 90' lang='lat' dir='ltr'><strong>ubi</strong></span> <span class='ocrx_word' id='word_1_241' title='bbox 461 3835 502 3878; x_wconf 88' lang='lat' dir='ltr'><strong>est</strong></span> <span class='ocrx_word' id='word_1_242' title='bbox 521 3827 597 3880; x_wconf 85' lang='lat' dir='ltr'><strong>lacus</strong></span> <span class='ocrx_word' id='word_1_243' title='bbox 616 3827 719 3888; x_wconf 83' lang='lat' dir='ltr'><strong>Curtii,</strong></span> <span class='ocrx_word' id='word_1_244' title='bbox 743 3824 856 3878; x_wconf 87' lang='lat' dir='ltr'><strong>defendi</strong></span> <span class='ocrx_word' id='word_1_245' title='bbox 873 3829 959 3892; x_wconf 83' lang='lat' dir='ltr'><strong>putat.</strong></span> <span class='ocrx_word' id='word_1_246' title='bbox 994 3826 1067 3878; x_wconf 86' lang='lat' dir='ltr'><strong>Pons</strong></span> <span class='ocrx_word' id='word_1_247' title='bbox 1092 3827 1219 3880; x_wconf 80' lang='lat' dir='ltr'><strong>Mulvius</strong></span> 
     </span>
     <span class='ocr_line' id='line_1_32' title="bbox 195 3919 532 3978; baseline 0.003 -5"><span class='ocrx_word' id='word_1_248' title='bbox 195 3927 236 3973; x_wconf 82' lang='lat' dir='ltr'><strong>cst</strong></span> <span class='ocrx_word' id='word_1_249' title='bbox 255 3919 299 3972; x_wconf 85' lang='lat' dir='ltr'><strong>die</strong></span> <span class='ocrx_word' id='word_1_250' title='bbox 319 3921 532 3978; x_wconf 74' lang='lat' dir='ltr'><strong>Fallrenbrticlte.</strong></span> 
     </span>
    </p>

    <p class='ocr_par' dir='ltr' id='par_1_5' title="bbox 267 4012 1219 4098">
     <span class='ocr_line' id='line_1_33' title="bbox 267 4012 1219 4098; baseline -0.014 -28"><span class='ocrx_word' id='word_1_251' title='bbox 267 4016 308 4086; x_wconf 76' lang='lat'><strong>‚¹3·</strong></span> <span class='ocrx_word' id='word_1_252' title='bbox 329 4014 424 4098; x_wconf 77' lang='lat' dir='ltr'><strong>aquila</strong></span> <span class='ocrx_word' id='word_1_253' title='bbox 444 4014 501 4080; x_wconf 67' lang='lat' dir='ltr'><strong>Ma,</strong></span> <span class='ocrx_word' id='word_1_254' title='bbox 519 4026 546 4071; x_wconf 86' lang='lat' dir='ltr'><strong>et</strong></span> <span class='ocrx_word' id='word_1_255' title='bbox 563 4036 588 4086; x_wconf 86' lang='lat' dir='ltr'><strong>p·</strong></span> <span class='ocrx_word' id='word_1_256' title='bbox 601 4024 656 4085; x_wconf 64' lang='lat' dir='ltr'><strong>sulp,</strong></span> <span class='ocrx_word' id='word_1_257' title='bbox 669 4038 697 4088; x_wconf 65' lang='lat'><strong>¹².</strong></span> <span class='ocrx_word' id='word_1_258' title='bbox 726 4022 882 4077; x_wconf 76' lang='lat' dir='ltr'><strong>amicornm.</strong></span> <span class='ocrx_word' id='word_1_259' title='bbox 902 4019 924 4068; x_wconf 84' lang='lat' dir='ltr'><strong>si</strong></span> <span class='ocrx_word' id='word_1_260' title='bbox 945 4020 965 4071; x_wconf 71' lang='lat' dir='ltr'><strong>l.</strong></span> <span class='ocrx_word' id='word_1_261' title='bbox 987 4016 1123 4076; x_wconf 81' lang='lat' dir='ltr'><strong>Gronovio</strong></span> <span class='ocrx_word' id='word_1_262' title='bbox 1145 4012 1219 4064; x_wconf 75' lang='lat' dir='ltr'><strong>fides.</strong></span> 
     </span>
    </p>
   </div>
   <div class='ocr_carea' id='block_1_4' title="bbox 0 0 1460 4730">
    <p class='ocr_par' dir='ltr' id='par_1_6' title="bbox 0 0 1460 4730">
     <span class='ocr_line' id='line_1_34' title="bbox 0 0 1460 4730; baseline 0 0"><span class='ocrx_word' id='word_1_263' title='bbox 0 0 1460 4730; x_wconf 95' lang='lat' dir='ltr'><strong> </strong></span> 
     </span>
    </p>
   </div>
  </div>
 </body>
</html>
