2912 4730
515 369 599 439 tta.
634 379 674 441 ll.
695 371 781 441 CAP.
805 375 942 444 stu-st.
1172 373 1248 436 lli‘

104 551 129 620 ¹.
203 562 388 622 senatorium
419 561 560 622 ordinem
591 563 827 644 reciperarerat.
872 555 1071 638 praepositus
1096 574 1114 614 a
1135 551 1393 624 (tatianum.)

116 708 121 716 x
203 670 346 750 septimae
365 667 478 750 legioni
499 671 682 752 scriptitasse
704 668 820 728 Othoni
843 665 1045 739 credebatur,
1070 661 1178 722 ducem
1202 681 1234 722 so

201 775 338 856 partibus
360 775 508 855 offerens3
533 797 631 858 aquo
653 775 806 858 neglectus
830 774 860 834 iu
882 771 966 832 nullo
981 767 1148 830 Othoniani
1165 765 1234 826 belli

195 883 258 941 'usu
282 883 346 944 suit.
384 885 575 946 ·Labantibus
601 883 715 956 Vitellii
746 883 838 944 rebus
871 879 1089 960 Vespasianum
1119 885 1237 935 secutus

173 985 315 1070 bgrande
330 1007 518 1055 momentum
529 993 661 1070 addidit,
683 1003 825 1052 strenuus
840 1010 941 1064 manu,
960 1005 1099 1049 sermone
1110 1001 1236 1063 promp-

200 1106 271 1173 tus,
295 1099 439 1159 serendae
462 1101 493 1160 iu
510 1097 596 1160 ‘alios
612 1097 748 1158 invidiae
769 1096 894 1170 artifex,
928 1091 1085 1155 discordiis
1107 1099 1137 1150 et
1159 1087 1237 1148 sedi·

200 1195 339 1262 tionibus
360 1214 485 1284 potens,
507 1215 615 1286 raptor
636 1203 781 1282 largitor,
805 1221 877 1282 pace
898 1201 1058 1282 pessimus,
1080 1194 1160 1255 bello
1177 1203 1238 1252 aba

201 1308 401 1389 spernendus.
446 1313 548 1372 iuncti
571 1309 641 1370 inde
671 1307 797 1369 Moesici
829 1327 863 1366 ac
892 1295 1063 1366 Pannonici
1093 1301 1239 1364 exercitas

200 1415 405 1476 Delmaticum
425 1416 550 1476 militam
571 1427 699 1491 traxere,
722 1433 896 1496 quanquam
910 1407 1121 1471 consularibus
1134 1405 1239 1487 legatis

153 1521 277 1580 ¹⁰oihil
309 1521 512 1585 turbantibus.
555 1521 642 1580 Titus
673 1519 804 1600 Ampius
833 1517 997 1578 Flavianus
1032 1513 1238 1590 Pannoniam,
1294 1595 1297 1602 γ

150 1664 155 1676 1
198 1627 363 1707 Pompeius
385 1625 527 1688 Silvanus
547 1623 733 1686 Delmatiam
754 1623 906 1699 tenebant,
929 1621 1036 1682 divites
1059 1643 1153 1683 senes.
1178 1621 1237 1680 Sed

200 1745 385 1814 procurator
405 1734 512 1796 aderat
534 1733 695 1794 Cornelius
721 1733 861 1808 Fuscus,
883 1729 984 1812 vigens
1007 1739 1127 1808 aetate,
1149 1728 1237 1790 elaris

200 1838 357 1902 natalibus.
401 1843 504 1904 Prima
527 1842 650 1902 iuventa
671 1840 782 1922 quietis
795 1839 936 1919 cupidine
946 1833 1129 1900 senatoriuni
1150 1837 1237 1897 ordi·

1323 748 1333 780 Ι

201 1967 269 2006 uem
293 1957 423 2008 exuerat
466 1947 548 2008 idem
568 1969 622 2027 pro
645 1947 745 2008 Galba
770 1941 830 2007 dux
850 1945 988 2006 coloniae
1022 1963 1111 2018 suae,
1141 1963 1237 2022 eoque

152 2046 290 2132 150pera
312 2040 558 2132 procurationem
582 2051 711 2133 adeptus
733 2051 877 2131 susceptis
899 2047 1077 2128 Vespasiani,
1098 2049 1237 2128 partibas

201 2159 383 2218 acerrimam
403 2153 487 2216 bello
510 2157 606 2215 facem
627 2157 787 2237 praetulit:
814 2164 961 2216 nontam
990 2155 1131 2234 praemiis
1154 2150 1236 2234 peri.
1325 2161 1328 2168 ’

201 2263 341 2324 culorum
361 2281 453 2340 quam
476 2260 545 2338 ipsis
566 2262 708 2340 periculis
729 2263 825 2322 laetus
848 2281 900 2340 pro
912 2260 1002 2320 certis
1022 2269 1052 2320 ct
1062 2258 1133 2320 olim
1146 2262 1237 2340 partis

201 2391 283 2432 nova
302 2368 445 2448 ambigua
468 2366 611 2448 ancipitia
636 2368 776 2428 malebat.
820 2370 915 2452 igitur
928 2389 1050 2429 movere
1060 2380 1089 2430 et
1101 2351 1234 2452 quatere,

202 2477 349 2561 quioquid
382 2497 512 2560 usquam
543 2497 670 2558 aegrum
698 2475 795 2555 foret,
826 2477 1056 2560 adgrediuntur.
1097 2477 1235 2560 Scriptae

155 2586 232 2650 acin
254 2586 445 2647 Britanniam
467 2585 504 2646 ad
527 2584 841 2667 quartadecumanos,
865 2588 894 2646 in
922 2584 1096 2666 Hispaniam
1117 2586 1155 2646 ad
1168 2573 1234 2669 pri.
1287 2633 1289 2638 .

200 2715 304 2753 manos
326 2691 483 2774 epistolae,
515 2694 596 2775 quod
618 2705 749 2776 utraque
776 2694 854 2776 legio
884 2715 937 2776 pro
960 2693 1082 2755 Othone
1109 2693 1234 2756 adversa
1282 2705 1286 2712 ’

200 2799 329 2861 Vitellio
352 2800 460 2860 fuerat.
504 2801 695 2884 sparguntur
715 2821 768 2883 per
790 2799 1065 2882 Gallias'litterae3
1096 2821 1233 2862 momen-

200 2917 294 2987 toque
314 2909 463 2988 temporis
481 2903 627 2989 flagrabat
647 2911 751 2992 ingens
771 2893 884 2970 laelium
908 2909 1036 2992 illyricis
1055 2912 1233 2974 exercitibus

202 3013 303 3096 palam
324 3011 571 3094 desciscentibus,
595 3018 698 3078 ceteris
720 3017 875 3078 fortunam
895 3020 1056 3078 secuturis.

134 3119 192 3202 87
285 3123 369 3181 Dum
398 3121 472 3182 haec
496 3144 554 3204 per
580 3127 753 3206 provincias
783 3147 801 3186 a
828 3125 1013 3204 Vespasiano
1047 3123 1233 3207 ducibusque

203 3210 338 3314 partium
359 3241 515 3312 geruntur,
540 3231 681 3295 Vitellius
694 3235 897 3316 contemptior
919 3231 949 3294 in
971 3233 1033 3295 dies
1054 3234 1233 3316 segniorquc
1289 3287 1296 3308 ,

202 3339 242 3400 ad
263 3339 361 3398 omnis
381 3338 617 3420 municipiorum
637 3338 842 3425 villarumque
867 3343 1061 3404 amoenitates
1081 3342 1232 3422 resistens,

203 3447 289 3527 gravi
311 3446 419 3506 urbem
440 3449 559 3529 agmine
579 3447 710 3529 petebat.
753 3449 911 3531 Sexaginta
931 3453 1013 3512 milia
1048 3461 1233 3513 armatorum

204 3549 428 3636 sequebantur,
448 3554 565 3615 licentia
584 3565 743 3636 corrupta;
765 3554 906 3618 calonum
928 3573 1074 3618 numerus
1090 3559 1230 3640 amplior,

156 3659 421 3742 loprocacissimis
440 3663 531 3722 etiarn
551 3664 629 3723 inter
651 3682 752 3724 servos
775 3663 904 3726 lixarum
923 3663 1073 3748 ingeniis3
1095 3675 1141 3726 tot
1152 3668 1233 3748 lega.

212 3807 488 3824 m

277 3901 318 3956 30.
337 3877 688 3974 procacissimis-ingeniis]
710 3906 828 3960 Calones
843 3902 1069 3972 (Trosskaechte)
1086 3909 1150 3958 suut
1161 3902 1229 3952 servi

208 3993 325 4046 militum
344 3997 379 4049 ad
399 3993 508 4058 ferenda
532 3995 604 4062 ligna
633 3995 716 4066 inque
748 3998 815 4048 alios
840 4013 903 4048 usos
928 3997 1058 4051 militares
1086 3993 1228 4049 aestuat:
