<?xml version="1.0" encoding="UTF-8"?>
<!DOCTYPE html PUBLIC "-//W3C//DTD XHTML 1.0 Transitional//EN"
    "http://www.w3.org/TR/xhtml1/DTD/xhtml1-transitional.dtd">
<html xmlns="http://www.w3.org/1999/xhtml" xml:lang="en" lang="en">
 <head>
  <title>
</title>
<meta http-equiv="Content-Type" content="text/html;charset=utf-8" />
  <meta name='ocr-system' content='tesseract 3.04.00' />
  <meta name='ocr-capabilities' content='ocr_page ocr_carea ocr_par ocr_line ocrx_word'/>
</head>
<body>
  <div class='ocr_page' id='page_1' title='image "./ccorneliitaciti01rittgoog_0105.png"; bbox 0 0 2912 4730; ppageno 0'>
   <div class='ocr_carea' id='block_1_1' title="bbox 518 429 1239 500">
    <p class='ocr_par' dir='ltr' id='par_1_1' title="bbox 518 429 1239 500">
     <span class='ocr_line' id='line_1_1' title="bbox 518 429 1239 500; baseline 0.017 -12"><span class='ocrx_word' id='word_1_1' title='bbox 518 429 591 490; x_wconf 78' lang='grc' dir='ltr'><strong>ΗΒ.</strong></span> <span class='ocrx_word' id='word_1_2' title='bbox 615 431 653 490; x_wconf 90' lang='lat' dir='ltr'><strong>ll.</strong></span> <span class='ocrx_word' id='word_1_3' title='bbox 677 431 763 492; x_wconf 80' lang='lat' dir='ltr'>CAP.</span> <span class='ocrx_word' id='word_1_4' title='bbox 783 433 916 498; x_wconf 76' lang='lat'>37-41..</span> <span class='ocrx_word' id='word_1_5' title='bbox 1198 438 1239 500; x_wconf 81' lang='lat'><strong>93</strong></span> 
     </span>
    </p>
   </div>
   <div class='ocr_carea' id='block_1_2' title="bbox 62 609 1401 3818">
    <p class='ocr_par' dir='ltr' id='par_1_2' title="bbox 182 609 1401 1121">
     <span class='ocr_line' id='line_1_2' title="bbox 212 609 1401 694; baseline 0.01 -28"><span class='ocrx_word' id='word_1_6' title='bbox 212 609 408 690; x_wconf 84' lang='lat' dir='ltr'><strong>interpretari</strong></span> <span class='ocrx_word' id='word_1_7' title='bbox 430 629 520 692; x_wconf 89' lang='lat' dir='ltr'><strong>quam</strong></span> <span class='ocrx_word' id='word_1_8' title='bbox 543 615 664 692; x_wconf 78' lang='lat' dir='ltr'>exsequi</span> <span class='ocrx_word' id='word_1_9' title='bbox 688 611 800 672; x_wconf 89' lang='lat' dir='ltr'><strong>mallet.</strong></span> <span class='ocrx_word' id='word_1_10' title='bbox 841 611 1020 672; x_wconf 87' lang='lat' dir='ltr'><strong>Promoveri</strong></span> <span class='ocrx_word' id='word_1_11' title='bbox 1043 611 1081 672; x_wconf 91' lang='lat' dir='ltr'><strong>ad</strong></span> <span class='ocrx_word' id='word_1_12' title='bbox 1093 623 1238 694; x_wconf 87' lang='lat' dir='ltr'><strong>quartum</strong></span> <span class='ocrx_word' id='word_1_13' title='bbox 1251 624 1278 694; x_wconf 81' lang='lat' dir='ltr'><strong>(a</strong></span> <span class='ocrx_word' id='word_1_14' title='bbox 1295 623 1326 678; x_wconf 78' lang='lat' dir='ltr'><strong>C-</strong></span> <span class='ocrx_word' id='word_1_15' title='bbox 1344 623 1401 692; x_wconf 82' lang='lat'>69.)</span> 
     </span>
     <span class='ocr_line' id='line_1_3' title="bbox 211 717 1238 812; baseline 0.006 -38"><span class='ocrx_word' id='word_1_16' title='bbox 211 717 513 812; x_wconf 31' lang='lat' dir='ltr'><strong>aBedriaco&#39;castra</strong></span> <span class='ocrx_word' id='word_1_17' title='bbox 546 719 679 800; x_wconf 77' lang='lat' dir='ltr'>placuit,</span> <span class='ocrx_word' id='word_1_18' title='bbox 706 717 781 777; x_wconf 90' lang='lat' dir='ltr'><strong>adeo</strong></span> <span class='ocrx_word' id='word_1_19' title='bbox 812 717 970 797; x_wconf 88' lang='lat' dir='ltr'><strong>imperite,</strong></span> <span class='ocrx_word' id='word_1_20' title='bbox 998 728 1032 777; x_wconf 91' lang='lat' dir='ltr'><strong>ut</strong></span> <span class='ocrx_word' id='word_1_21' title='bbox 1063 739 1238 801; x_wconf 81' lang='lat' dir='ltr'><strong>quanquam</strong></span> 
     </span>
     <span class='ocr_line' id='line_1_4' title="bbox 211 825 1239 909; baseline 0.005 -26"><span class='ocrx_word' id='word_1_22' title='bbox 211 827 463 906; x_wconf 70' lang='lat' dir='ltr'><strong>verno‘t&#39;empore</strong></span> <span class='ocrx_word' id='word_1_23' title='bbox 479 827 551 885; x_wconf 86' lang='lat' dir='ltr'><strong>euni</strong></span> <span class='ocrx_word' id='word_1_24' title='bbox 572 835 603 886; x_wconf 88' lang='lat' dir='ltr'><strong>et</strong></span> <span class='ocrx_word' id='word_1_25' title='bbox 623 837 673 887; x_wconf 85' lang='lat' dir='ltr'><strong>tot</strong></span> <span class='ocrx_word' id='word_1_26' title='bbox 693 826 810 886; x_wconf 88' lang='lat' dir='ltr'><strong>circum</strong></span> <span class='ocrx_word' id='word_1_27' title='bbox 830 825 968 886; x_wconf 88' lang='lat' dir='ltr'><strong>amnibus</strong></span> <span class='ocrx_word' id='word_1_28' title='bbox 988 827 1114 904; x_wconf 89' lang='lat' dir='ltr'><strong>penuria</strong></span> <span class='ocrx_word' id='word_1_29' title='bbox 1143 847 1239 909; x_wconf 85' lang='lat' dir='ltr'><strong>aquae</strong></span> 
     </span>
     <span class='ocr_line' id='line_1_5' title="bbox 210 931 1239 1014; baseline 0.002 -23"><span class='ocrx_word' id='word_1_30' title='bbox 210 931 413 1014; x_wconf 72' lang='lat' dir='ltr'><strong>fatigarentur.</strong></span> <span class='ocrx_word' id='word_1_31' title='bbox 457 935 502 996; x_wconf 90' lang='lat' dir='ltr'><strong>lbi</strong></span> <span class='ocrx_word' id='word_1_32' title='bbox 522 934 560 994; x_wconf 90' lang='lat' dir='ltr'><strong>de</strong></span> <span class='ocrx_word' id='word_1_33' title='bbox 581 933 697 1014; x_wconf 85' lang='lat' dir='ltr'><strong>praelio</strong></span> <span class='ocrx_word' id='word_1_34' title='bbox 718 931 900 1008; x_wconf 77' lang='lat' dir='ltr'><strong>dubitatum,</strong></span> <span class='ocrx_word' id='word_1_35' title='bbox 912 931 1035 992; x_wconf 90' lang='lat' dir='ltr'><strong>Othone</strong></span> <span class='ocrx_word' id='word_1_36' title='bbox 1054 953 1110 1013; x_wconf 90' lang='lat' dir='ltr'><strong>per</strong></span> <span class='ocrx_word' id='word_1_37' title='bbox 1122 932 1239 994; x_wconf 78' lang='lat' dir='ltr'><strong>litteras</strong></span> 
     </span>
     <span class='ocr_line' id='line_1_6' title="bbox 182 1029 1239 1121; baseline 0.005 -26"><span class='ocrx_word' id='word_1_38' title='bbox 182 1029 365 1121; x_wconf 61' lang='lat' dir='ltr'><strong>&amp;flagitante</strong></span> <span class='ocrx_word' id='word_1_39' title='bbox 385 1053 420 1102; x_wconf 91' lang='lat' dir='ltr'><strong>ut</strong></span> <span class='ocrx_word' id='word_1_40' title='bbox 449 1052 658 1118; x_wconf 81' lang='lat' dir='ltr'><strong>maturarent,</strong></span> <span class='ocrx_word' id='word_1_41' title='bbox 689 1039 850 1112; x_wconf 37' lang='lat' dir='ltr'><strong>militibus,</strong></span> <span class='ocrx_word' id='word_1_42' title='bbox 867 1048 902 1100; x_wconf 91' lang='lat' dir='ltr'><strong>ut</strong></span> <span class='ocrx_word' id='word_1_43' title='bbox 931 1038 1092 1120; x_wconf 89' lang='lat' dir='ltr'><strong>imperator</strong></span> <span class='ocrx_word' id='word_1_44' title='bbox 1118 1057 1239 1120; x_wconf 82' lang='lat' dir='ltr'><strong>pugnae</strong></span> 
     </span>
    </p>

    <p class='ocr_par' dir='ltr' id='par_1_3' title="bbox 147 1143 1307 1442">
     <span class='ocr_line' id='line_1_7' title="bbox 147 1143 1239 1228; baseline 0.004 -24"><span class='ocrx_word' id='word_1_45' title='bbox 147 1195 149 1198; x_wconf 95' lang='lat'>.</span> <span class='ocrx_word' id='word_1_46' title='bbox 210 1145 327 1208; x_wconf 83' lang='lat' dir='ltr'><strong>adesset</strong></span> <span class='ocrx_word' id='word_1_47' title='bbox 347 1147 551 1227; x_wconf 85' lang='lat' dir='ltr'><strong>poscentibus.</strong></span> <span class='ocrx_word' id='word_1_48' title='bbox 591 1147 737 1226; x_wconf 79' lang='lat' dir='ltr'><strong>Plerique</strong></span> <span class='ocrx_word' id='word_1_49' title='bbox 758 1147 856 1226; x_wconf 89' lang='lat' dir='ltr'><strong>copias</strong></span> <span class='ocrx_word' id='word_1_50' title='bbox 875 1155 957 1204; x_wconf 84' lang='lat' dir='ltr'><strong>trans</strong></span> <span class='ocrx_word' id='word_1_51' title='bbox 977 1143 1097 1204; x_wconf 90' lang='lat' dir='ltr'><strong>Padum</strong></span> <span class='ocrx_word' id='word_1_52' title='bbox 1117 1157 1239 1228; x_wconf 85' lang='lat' dir='ltr'><strong>agentes</strong></span> 
     </span>
     <span class='ocr_line' id='line_1_8' title="bbox 211 1250 1307 1336; baseline 0.006 -28"><span class='ocrx_word' id='word_1_53' title='bbox 211 1251 303 1312; x_wconf 88' lang='lat' dir='ltr'><strong>acciri</strong></span> <span class='ocrx_word' id='word_1_54' title='bbox 323 1253 527 1334; x_wconf 85' lang='lat' dir='ltr'><strong>postulabant.</strong></span> <span class='ocrx_word' id='word_1_55' title='bbox 569 1251 633 1314; x_wconf 90' lang='lat' dir='ltr'><strong>Nec</strong></span> <span class='ocrx_word' id='word_1_56' title='bbox 655 1251 790 1334; x_wconf 69' lang='lat' dir='ltr'><strong>‘perinde</strong></span> <span class='ocrx_word' id='word_1_57' title='bbox 819 1250 978 1312; x_wconf 89' lang='lat' dir='ltr'><strong>diiudicari</strong></span> <span class='ocrx_word' id='word_1_58' title='bbox 1008 1263 1123 1332; x_wconf 55' lang='lat' dir='ltr'><strong>potest»,</strong></span> <span class='ocrx_word' id='word_1_59' title='bbox 1162 1253 1238 1336; x_wconf 91' lang='lat' dir='ltr'><strong>quid</strong></span> <span class='ocrx_word' id='word_1_60' title='bbox 1301 1276 1307 1295; x_wconf 78' lang='lat'><strong><em>¹</em></strong></span> 
     </span>
     <span class='ocr_line' id='line_1_9' title="bbox 211 1351 1294 1442; baseline 0.002 -25"><span class='ocrx_word' id='word_1_61' title='bbox 211 1360 359 1440; x_wconf 90' lang='lat' dir='ltr'><strong>optimum</strong></span> <span class='ocrx_word' id='word_1_62' title='bbox 381 1361 464 1422; x_wconf 82' lang='lat' dir='ltr'><strong>sactu</strong></span> <span class='ocrx_word' id='word_1_63' title='bbox 477 1351 709 1442; x_wconf 76' lang='lat' dir='ltr'><strong>&#39;fuerit&#39;‚‘quam</strong></span> <span class='ocrx_word' id='word_1_64' title='bbox 733 1361 893 1440; x_wconf 85' lang='lat' dir='ltr'><strong>pessimum</strong></span> <span class='ocrx_word' id='word_1_65' title='bbox 916 1359 1004 1419; x_wconf 81' lang='lat' dir='ltr'><strong>fuisse</strong></span> <span class='ocrx_word' id='word_1_66' title='bbox 1024 1359 1104 1441; x_wconf 92' lang='lat' dir='ltr'><strong>quod</strong></span> <span class='ocrx_word' id='word_1_67' title='bbox 1124 1361 1238 1424; x_wconf 83' lang='lat' dir='ltr'><strong>factum</strong></span> <span class='ocrx_word' id='word_1_68' title='bbox 1289 1393 1294 1419; x_wconf 78' lang='lat' dir='ltr'><strong>t</strong></span> 
     </span>
    </p>

    <p class='ocr_par' dir='ltr' id='par_1_4' title="bbox 144 1453 1236 1550">
     <span class='ocr_line' id='line_1_10' title="bbox 144 1453 1236 1550; baseline 0.001 -25"><span class='ocrx_word' id='word_1_69' title='bbox 144 1453 261 1538; x_wconf 12' lang='lat' dir='ltr'><strong>horest.</strong></span> <span class='ocrx_word' id='word_1_70' title='bbox 303 1465 373 1528; x_wconf 89' lang='lat' dir='ltr'><strong>Nou</strong></span> <span class='ocrx_word' id='word_1_71' title='bbox 393 1477 427 1526; x_wconf 91' lang='lat' dir='ltr'><strong>ut</strong></span> <span class='ocrx_word' id='word_1_72' title='bbox 449 1465 487 1526; x_wconf 87' lang='lat' dir='ltr'><strong>ad</strong></span> <span class='ocrx_word' id='word_1_73' title='bbox 505 1488 638 1550; x_wconf 90' lang='lat' dir='ltr'><strong>pugnam</strong></span> <span class='ocrx_word' id='word_1_74' title='bbox 660 1465 712 1528; x_wconf 90' lang='lat' dir='ltr'><strong>sed</strong></span> <span class='ocrx_word' id='word_1_75' title='bbox 734 1466 774 1526; x_wconf 88' lang='lat' dir='ltr'><strong>ad</strong></span> <span class='ocrx_word' id='word_1_76' title='bbox 800 1464 974 1528; x_wconf 88' lang='lat' dir='ltr'><strong>bellandum</strong></span> <span class='ocrx_word' id='word_1_77' title='bbox 999 1465 1131 1547; x_wconf 88' lang='lat' dir='ltr'><strong>profecti</strong></span> <span class='ocrx_word' id='word_1_78' title='bbox 1158 1489 1236 1530; x_wconf 92' lang='lat' dir='ltr'><strong>con.</strong></span> 
     </span>
    </p>

    <p class='ocr_par' dir='ltr' id='par_1_5' title="bbox 151 1571 1341 2618">
     <span class='ocr_line' id='line_1_11' title="bbox 160 1571 1236 1656; baseline 0.004 -22"><span class='ocrx_word' id='word_1_79' title='bbox 160 1571 329 1636; x_wconf 85' lang='lat' dir='ltr'><strong>1-ossuentes</strong></span> <span class='ocrx_word' id='word_1_80' title='bbox 353 1575 428 1637; x_wconf 89' lang='lat' dir='ltr'><strong>Padi</strong></span> <span class='ocrx_word' id='word_1_81' title='bbox 449 1585 480 1636; x_wconf 93' lang='lat' dir='ltr'><strong>et</strong></span> <span class='ocrx_word' id='word_1_82' title='bbox 500 1577 627 1638; x_wconf 80' lang='lat' dir='ltr'><strong>Adduae</strong></span> <span class='ocrx_word' id='word_1_83' title='bbox 649 1575 833 1656; x_wconf 87' lang='lat' dir='ltr'><strong>fluminum,</strong></span> <span class='ocrx_word' id='word_1_84' title='bbox 861 1575 991 1637; x_wconf 81' lang='lat' dir='ltr'><strong>sedecim</strong></span> <span class='ocrx_word' id='word_1_85' title='bbox 1018 1574 1089 1636; x_wconf 87' lang='lat' dir='ltr'><strong>iude</strong></span> <span class='ocrx_word' id='word_1_86' title='bbox 1116 1575 1236 1638; x_wconf 89' lang='lat' dir='ltr'><strong>milium</strong></span> 
     </span>
     <span class='ocr_line' id='line_1_12' title="bbox 204 1673 1236 1764; baseline 0.005 -22"><span class='ocrx_word' id='word_1_87' title='bbox 204 1683 301 1762; x_wconf 89' lang='lat' dir='ltr'><strong>spatio</strong></span> <span class='ocrx_word' id='word_1_88' title='bbox 319 1673 486 1759; x_wconf 80' lang='lat' dir='ltr'><strong>distantes,</strong></span> <span class='ocrx_word' id='word_1_89' title='bbox 509 1683 664 1764; x_wconf 86' lang='lat' dir='ltr'><strong>petebant.</strong></span> <span class='ocrx_word' id='word_1_90' title='bbox 705 1685 794 1747; x_wconf 87' lang='lat' dir='ltr'><strong>Celso</strong></span> <span class='ocrx_word' id='word_1_91' title='bbox 823 1693 854 1742; x_wconf 87' lang='lat' dir='ltr'><strong>et</strong></span> <span class='ocrx_word' id='word_1_92' title='bbox 874 1680 1003 1742; x_wconf 89' lang='lat' dir='ltr'><strong>Paulino</strong></span> <span class='ocrx_word' id='word_1_93' title='bbox 1034 1681 1236 1748; x_wconf 82' lang='lat' dir='ltr'><strong>abnuentibus</strong></span> 
     </span>
     <span class='ocr_line' id='line_1_13' title="bbox 204 1769 1236 1871; baseline 0.001 -19"><span class='ocrx_word' id='word_1_94' title='bbox 204 1769 331 1852; x_wconf 84' lang='lat' dir='ltr'><strong>militem</strong></span> <span class='ocrx_word' id='word_1_95' title='bbox 353 1791 462 1850; x_wconf 86' lang='lat' dir='ltr'><strong>itinere</strong></span> <span class='ocrx_word' id='word_1_96' title='bbox 482 1788 605 1870; x_wconf 82' lang='lat' dir='ltr'><strong>fessum,</strong></span> <span class='ocrx_word' id='word_1_97' title='bbox 628 1791 752 1852; x_wconf 81' lang='lat' dir='ltr'><strong>sarcinis</strong></span> <span class='ocrx_word' id='word_1_98' title='bbox 776 1807 897 1871; x_wconf 85' lang='lat' dir='ltr'><strong>gravem</strong></span> <span class='ocrx_word' id='word_1_99' title='bbox 919 1788 1048 1850; x_wconf 88' lang='lat' dir='ltr'><strong>obiicere</strong></span> <span class='ocrx_word' id='word_1_100' title='bbox 1067 1787 1157 1868; x_wconf 84' lang='lat' dir='ltr'><strong>hosti,</strong></span> <span class='ocrx_word' id='word_1_101' title='bbox 1174 1812 1236 1852; x_wconf 90' lang='lat' dir='ltr'><strong>non</strong></span> 
     </span>
     <span class='ocr_line' id='line_1_14' title="bbox 202 1871 1237 1981; baseline 0.002 -23"><span class='ocrx_word' id='word_1_102' title='bbox 202 1871 380 1976; x_wconf 78' lang='lat' dir='ltr'><strong>admissuro,</strong></span> <span class='ocrx_word' id='word_1_103' title='bbox 400 1907 462 1979; x_wconf 89' lang='lat' dir='ltr'><strong>quo</strong></span> <span class='ocrx_word' id='word_1_104' title='bbox 480 1881 580 1959; x_wconf 87' lang='lat' dir='ltr'><strong>minus</strong></span> <span class='ocrx_word' id='word_1_105' title='bbox 599 1895 758 1980; x_wconf 85' lang='lat' dir='ltr'><strong>expeditus</strong></span> <span class='ocrx_word' id='word_1_106' title='bbox 779 1904 810 1958; x_wconf 90' lang='lat' dir='ltr'><strong>et</strong></span> <span class='ocrx_word' id='word_1_107' title='bbox 831 1896 879 1957; x_wconf 84' lang='lat' dir='ltr'><strong>vix</strong></span> <span class='ocrx_word' id='word_1_108' title='bbox 900 1906 1047 1978; x_wconf 86' lang='lat' dir='ltr'><strong>quattuor</strong></span> <span class='ocrx_word' id='word_1_109' title='bbox 1061 1895 1143 1957; x_wconf 91' lang='lat' dir='ltr'><strong>milia</strong></span> <span class='ocrx_word' id='word_1_110' title='bbox 1164 1918 1237 1981; x_wconf 89' lang='lat' dir='ltr'><strong>pas·</strong></span> 
     </span>
     <span class='ocr_line' id='line_1_15' title="bbox 205 2001 1341 2087; baseline 0 -23"><span class='ocrx_word' id='word_1_111' title='bbox 205 2025 294 2065; x_wconf 89' lang='lat' dir='ltr'><strong>suum</strong></span> <span class='ocrx_word' id='word_1_112' title='bbox 316 2011 492 2086; x_wconf 74' lang='lat' dir='ltr'><strong>progressus</strong></span> <span class='ocrx_word' id='word_1_113' title='bbox 511 2015 565 2066; x_wconf 90' lang='lat' dir='ltr'><strong>aut</strong></span> <span class='ocrx_word' id='word_1_114' title='bbox 586 2001 801 2087; x_wconf 88' lang='lat' dir='ltr'><strong>incompositos</strong></span> <span class='ocrx_word' id='word_1_115' title='bbox 824 2003 853 2062; x_wconf 91' lang='lat' dir='ltr'><strong>in</strong></span> <span class='ocrx_word' id='word_1_116' title='bbox 878 2003 997 2082; x_wconf 79' lang='lat' dir='ltr'><strong>agmine</strong></span> <span class='ocrx_word' id='word_1_117' title='bbox 1018 2010 1071 2062; x_wconf 89' lang='lat' dir='ltr'><strong>aut</strong></span> <span class='ocrx_word' id='word_1_118' title='bbox 1090 2002 1239 2084; x_wconf 86' lang='lat' dir='ltr'><strong>dispersos</strong></span> <span class='ocrx_word' id='word_1_119' title='bbox 1338 2047 1341 2054; x_wconf 37' lang='lat' dir='ltr'>s</span> 
     </span>
     <span class='ocr_line' id='line_1_16' title="bbox 151 2103 1237 2200; baseline 0.001 -34"><span class='ocrx_word' id='word_1_120' title='bbox 151 2103 188 2167; x_wconf 69' lang='grc' dir='ltr'><strong>ιδ</strong></span> <span class='ocrx_word' id='word_1_121' title='bbox 208 2123 239 2171; x_wconf 88' lang='lat' dir='ltr'><strong>ct</strong></span> <span class='ocrx_word' id='word_1_122' title='bbox 263 2111 377 2172; x_wconf 82' lang='lat' dir='ltr'><strong>vallum</strong></span> <span class='ocrx_word' id='word_1_123' title='bbox 400 2109 558 2172; x_wconf 87' lang='lat' dir='ltr'><strong>molientes</strong></span> <span class='ocrx_word' id='word_1_124' title='bbox 577 2113 815 2194; x_wconf 78' lang='lat' dir='ltr'><strong>adgrederetur,</strong></span> <span class='ocrx_word' id='word_1_125' title='bbox 848 2111 989 2200; x_wconf 76' lang='lat' dir='ltr'><strong>Titianus</strong></span> <span class='ocrx_word' id='word_1_126' title='bbox 1021 2118 1052 2168; x_wconf 92' lang='lat' dir='ltr'><strong>et</strong></span> <span class='ocrx_word' id='word_1_127' title='bbox 1073 2108 1237 2186; x_wconf 86' lang='lat' dir='ltr'><strong>Proculus,</strong></span> 
     </span>
     <span class='ocr_line' id='line_1_17' title="bbox 208 2212 1238 2295; baseline -0.002 -19"><span class='ocrx_word' id='word_1_128' title='bbox 208 2217 261 2276; x_wconf 91' lang='lat' dir='ltr'><strong>ubi</strong></span> <span class='ocrx_word' id='word_1_129' title='bbox 283 2217 414 2277; x_wconf 85' lang='lat' dir='ltr'><strong>consiliis</strong></span> <span class='ocrx_word' id='word_1_130' title='bbox 432 2215 648 2290; x_wconf 68' lang='lat' dir='ltr'><strong>vincerentur,</strong></span> <span class='ocrx_word' id='word_1_131' title='bbox 671 2218 709 2278; x_wconf 83' lang='lat' dir='ltr'><strong>ed</strong></span> <span class='ocrx_word' id='word_1_132' title='bbox 734 2221 779 2277; x_wconf 91' lang='lat' dir='ltr'><strong>ius</strong></span> <span class='ocrx_word' id='word_1_133' title='bbox 798 2214 916 2295; x_wconf 88' lang='lat' dir='ltr'><strong>imperii</strong></span> <span class='ocrx_word' id='word_1_134' title='bbox 938 2213 1114 2274; x_wconf 77' lang='lat' dir='ltr'><strong>transibant.</strong></span> <span class='ocrx_word' id='word_1_135' title='bbox 1155 2212 1238 2274; x_wconf 79' lang='lat' dir='ltr'><strong>hde-</strong></span> 
     </span>
     <span class='ocr_line' id='line_1_18' title="bbox 210 2317 1236 2402; baseline -0.009 -15"><span class='ocrx_word' id='word_1_136' title='bbox 210 2335 261 2386; x_wconf 87' lang='lat' dir='ltr'><strong>rat</strong></span> <span class='ocrx_word' id='word_1_137' title='bbox 283 2345 356 2386; x_wconf 86' lang='lat' dir='ltr'><strong>sane</strong></span> <span class='ocrx_word' id='word_1_138' title='bbox 379 2325 455 2382; x_wconf 90' lang='lat' dir='ltr'><strong>citus</strong></span> <span class='ocrx_word' id='word_1_139' title='bbox 480 2341 558 2401; x_wconf 88' lang='lat' dir='ltr'><strong>equo</strong></span> <span class='ocrx_word' id='word_1_140' title='bbox 576 2321 707 2380; x_wconf 82' lang='lat' dir='ltr'><strong>Numida</strong></span> <span class='ocrx_word' id='word_1_141' title='bbox 729 2341 799 2380; x_wconf 88' lang='lat' dir='ltr'><strong>cum</strong></span> <span class='ocrx_word' id='word_1_142' title='bbox 820 2318 977 2378; x_wconf 87' lang='lat' dir='ltr'><strong>atrocibus</strong></span> <span class='ocrx_word' id='word_1_143' title='bbox 999 2317 1236 2402; x_wconf 85' lang='lat' dir='ltr'><strong>mandatis,qui.</strong></span> 
     </span>
     <span class='ocr_line' id='line_1_19' title="bbox 209 2407 1236 2520; baseline -0.005 -24"><span class='ocrx_word' id='word_1_144' title='bbox 209 2433 267 2496; x_wconf 86' lang='lat' dir='ltr'><strong>bus</strong></span> <span class='ocrx_word' id='word_1_145' title='bbox 291 2431 375 2494; x_wconf 89' lang='lat' dir='ltr'><strong>Otho</strong></span> <span class='ocrx_word' id='word_1_146' title='bbox 398 2407 544 2510; x_wconf 78' lang='lat' dir='ltr'><strong>increpita</strong></span> <span class='ocrx_word' id='word_1_147' title='bbox 567 2427 679 2487; x_wconf 89' lang='lat' dir='ltr'><strong>ducum</strong></span> <span class='ocrx_word' id='word_1_148' title='bbox 701 2425 827 2507; x_wconf 82' lang='lat' dir='ltr'><strong>segnitia</strong></span> <span class='ocrx_word' id='word_1_149' title='bbox 849 2445 915 2486; x_wconf 86' lang='lat' dir='ltr'><strong>rem</strong></span> <span class='ocrx_word' id='word_1_150' title='bbox 930 2425 960 2520; x_wconf 77' lang='lat' dir='ltr'><strong>in</strong></span> <span class='ocrx_word' id='word_1_151' title='bbox 981 2425 1144 2488; x_wconf 89' lang='lat' dir='ltr'><strong>discrimen</strong></span> <span class='ocrx_word' id='word_1_152' title='bbox 1158 2429 1236 2490; x_wconf 88' lang='lat' dir='ltr'><strong>mitti</strong></span> 
     </span>
     <span class='ocr_line' id='line_1_20' title="bbox 208 2533 891 2618; baseline -0.013 -17"><span class='ocrx_word' id='word_1_153' title='bbox 208 2533 351 2618; x_wconf 79' lang='lat' dir='ltr'><strong>iubebat,</strong></span> <span class='ocrx_word' id='word_1_154' title='bbox 375 2557 464 2618; x_wconf 82' lang='lat' dir='ltr'><strong>aeger</strong></span> <span class='ocrx_word' id='word_1_155' title='bbox 481 2555 566 2595; x_wconf 88' lang='lat' dir='ltr'><strong>mora</strong></span> <span class='ocrx_word' id='word_1_156' title='bbox 587 2544 617 2595; x_wconf 91' lang='lat' dir='ltr'><strong>et</strong></span> <span class='ocrx_word' id='word_1_157' title='bbox 638 2535 701 2615; x_wconf 90' lang='lat' dir='ltr'><strong>spei</strong></span> <span class='ocrx_word' id='word_1_158' title='bbox 719 2533 891 2615; x_wconf 88' lang='lat' dir='ltr'><strong>impatiens.</strong></span> 
     </span>
    </p>

    <p class='ocr_par' dir='ltr' id='par_1_6' title="bbox 132 2638 1235 3154">
     <span class='ocr_line' id='line_1_21' title="bbox 132 2638 1235 2737; baseline -0.006 -28"><span class='ocrx_word' id='word_1_159' title='bbox 132 2727 134 2737; x_wconf 37' lang='grc' dir='ltr'>Ι</span> <span class='ocrx_word' id='word_1_160' title='bbox 140 2647 188 2732; x_wconf 70' lang='grc'><strong>41</strong></span> <span class='ocrx_word' id='word_1_161' title='bbox 222 2665 233 2680; x_wconf 56' lang='grc'><strong>·’</strong></span> <span class='ocrx_word' id='word_1_162' title='bbox 248 2638 363 2708; x_wconf 81' lang='lat' dir='ltr'><strong>Eadem</strong></span> <span class='ocrx_word' id='word_1_163' title='bbox 384 2645 433 2706; x_wconf 89' lang='lat' dir='ltr'><strong>die</strong></span> <span class='ocrx_word' id='word_1_164' title='bbox 456 2644 506 2705; x_wconf 84' lang='lat' dir='ltr'><strong>ad·</strong></span> <span class='ocrx_word' id='word_1_165' title='bbox 518 2643 675 2704; x_wconf 86' lang='lat' dir='ltr'><strong>Caecinam</strong></span> <span class='ocrx_word' id='word_1_166' title='bbox 698 2642 785 2724; x_wconf 83' lang='lat' dir='ltr'><strong>operi</strong></span> <span class='ocrx_word' id='word_1_167' title='bbox 799 2641 898 2723; x_wconf 88' lang='lat' dir='ltr'><strong>pontis</strong></span> <span class='ocrx_word' id='word_1_168' title='bbox 910 2643 1061 2704; x_wconf 89' lang='lat' dir='ltr'><strong>intentum</strong></span> <span class='ocrx_word' id='word_1_169' title='bbox 1076 2638 1136 2700; x_wconf 92' lang='lat' dir='ltr'><strong>duo</strong></span> <span class='ocrx_word' id='word_1_170' title='bbox 1147 2661 1235 2723; x_wconf 90' lang='lat' dir='ltr'><strong>prae·</strong></span> 
     </span>
     <span class='ocr_line' id='line_1_22' title="bbox 211 2745 1234 2830; baseline -0.002 -17"><span class='ocrx_word' id='word_1_171' title='bbox 211 2755 356 2813; x_wconf 89' lang='lat' dir='ltr'><strong>toriarum</strong></span> <span class='ocrx_word' id='word_1_172' title='bbox 380 2750 551 2812; x_wconf 82' lang='lat' dir='ltr'><strong>cohortium</strong></span> <span class='ocrx_word' id='word_1_173' title='bbox 573 2749 709 2826; x_wconf 86' lang='lat' dir='ltr'><strong>tribuni,</strong></span> <span class='ocrx_word' id='word_1_174' title='bbox 732 2745 919 2830; x_wconf 89' lang='lat' dir='ltr'><strong>colloquium</strong></span> <span class='ocrx_word' id='word_1_175' title='bbox 950 2750 1014 2808; x_wconf 90' lang='lat' dir='ltr'><strong>cius</strong></span> <span class='ocrx_word' id='word_1_176' title='bbox 1034 2749 1234 2830; x_wconf 79' lang='lat' dir='ltr'><strong>postulantes,</strong></span> 
     </span>
     <span class='ocr_line' id='line_1_23' title="bbox 209 2834 1234 2938; baseline -0.001 -19"><span class='ocrx_word' id='word_1_177' title='bbox 209 2871 367 2922; x_wconf 82' lang='lat' dir='ltr'><strong>venerunt.</strong></span> <span class='ocrx_word' id='word_1_178' title='bbox 408 2834 523 2918; x_wconf 71' lang='lat' dir='ltr'><strong>dodina</strong></span> <span class='ocrx_word' id='word_1_179' title='bbox 543 2857 732 2918; x_wconf 87' lang='lat' dir='ltr'><strong>condiciones</strong></span> <span class='ocrx_word' id='word_1_180' title='bbox 763 2877 799 2916; x_wconf 91' lang='lat' dir='ltr'><strong>ec</strong></span> <span class='ocrx_word' id='word_1_181' title='bbox 829 2856 956 2918; x_wconf 89' lang='lat' dir='ltr'><strong>reddere</strong></span> <span class='ocrx_word' id='word_1_182' title='bbox 989 2857 1132 2938; x_wconf 89' lang='lat' dir='ltr'><strong>parabat,</strong></span> <span class='ocrx_word' id='word_1_183' title='bbox 1164 2877 1234 2918; x_wconf 91' lang='lat' dir='ltr'><strong>cum</strong></span> 
     </span>
     <span class='ocr_line' id='line_1_24' title="bbox 211 2961 1233 3050; baseline -0.001 -25"><span class='ocrx_word' id='word_1_184' title='bbox 211 2963 390 3046; x_wconf 88' lang='lat' dir='ltr'><strong>praecipites</strong></span> <span class='ocrx_word' id='word_1_185' title='bbox 411 2961 615 3044; x_wconf 84' lang='lat' dir='ltr'><strong>exploratores</strong></span> <span class='ocrx_word' id='word_1_186' title='bbox 636 2962 739 3022; x_wconf 84' lang='lat' dir='ltr'><strong>adesse</strong></span> <span class='ocrx_word' id='word_1_187' title='bbox 761 2961 877 3022; x_wconf 90' lang='lat' dir='ltr'><strong>hostem</strong></span> <span class='ocrx_word' id='word_1_188' title='bbox 903 2963 1088 3048; x_wconf 75' lang='lat' dir='ltr'><strong>nuntiavere.</strong></span> <span class='ocrx_word' id='word_1_189' title='bbox 1121 2965 1233 3050; x_wconf 78' lang='lat' dir='ltr'><strong>¹luter-</strong></span> 
     </span>
     <span class='ocr_line' id='line_1_25' title="bbox 210 3061 1233 3154; baseline 0.002 -23"><span class='ocrx_word' id='word_1_190' title='bbox 210 3083 317 3154; x_wconf 80' lang='lat' dir='ltr'><strong>ruptus&#39;</strong></span> <span class='ocrx_word' id='word_1_191' title='bbox 333 3072 527 3137; x_wconf 84' lang='lat' dir='ltr'><strong>tribunorum</strong></span> <span class='ocrx_word' id='word_1_192' title='bbox 556 3091 673 3146; x_wconf 80' lang='lat' dir='ltr'><strong>serm03</strong></span> <span class='ocrx_word' id='word_1_193' title='bbox 707 3091 803 3153; x_wconf 87' lang='lat' dir='ltr'><strong>eoque</strong></span> <span class='ocrx_word' id='word_1_194' title='bbox 830 3061 992 3130; x_wconf 80' lang='lat' dir='ltr'><strong>incertum</strong></span> <span class='ocrx_word' id='word_1_195' title='bbox 1008 3070 1082 3144; x_wconf 83' lang='lat' dir='ltr'><strong>fuit,</strong></span> <span class='ocrx_word' id='word_1_196' title='bbox 1112 3072 1233 3144; x_wconf 76' lang='lat' dir='ltr'><strong>insidias</strong></span> 
     </span>
    </p>

    <p class='ocr_par' dir='ltr' id='par_1_7' title="bbox 62 3157 1233 3260">
     <span class='ocr_line' id='line_1_26' title="bbox 62 3157 1233 3260; baseline 0 -22"><span class='ocrx_word' id='word_1_197' title='bbox 62 3199 75 3232; x_wconf 61' lang='grc' dir='ltr'><strong>τ</strong></span> <span class='ocrx_word' id='word_1_198' title='bbox 158 3187 195 3252; x_wconf 78' lang='lat'><strong>25</strong></span> <span class='ocrx_word' id='word_1_199' title='bbox 211 3199 249 3238; x_wconf 90' lang='lat' dir='ltr'><strong>au</strong></span> <span class='ocrx_word' id='word_1_200' title='bbox 269 3177 474 3260; x_wconf 87' lang='lat' dir='ltr'><strong>proditionem</strong></span> <span class='ocrx_word' id='word_1_201' title='bbox 498 3177 555 3237; x_wconf 87' lang='lat' dir='ltr'><strong>vel</strong></span> <span class='ocrx_word' id='word_1_202' title='bbox 568 3174 693 3258; x_wconf 87' lang='lat' dir='ltr'><strong>aliquod</strong></span> <span class='ocrx_word' id='word_1_203' title='bbox 712 3175 870 3242; x_wconf 87' lang='lat' dir='ltr'><strong>honestum</strong></span> <span class='ocrx_word' id='word_1_204' title='bbox 891 3172 1048 3236; x_wconf 85' lang='lat' dir='ltr'><strong>consilium</strong></span> <span class='ocrx_word' id='word_1_205' title='bbox 1073 3157 1233 3257; x_wconf 80' lang='lat' dir='ltr'><strong>coeptave-</strong></span> 
     </span>
    </p>

    <p class='ocr_par' dir='ltr' id='par_1_8' title="bbox 130 3282 1232 3586">
     <span class='ocr_line' id='line_1_27' title="bbox 130 3282 1232 3368; baseline -0.005 -19"><span class='ocrx_word' id='word_1_206' title='bbox 130 3357 136 3368; x_wconf 10' lang='grc' dir='ltr'>ἃ</span> <span class='ocrx_word' id='word_1_207' title='bbox 211 3291 285 3349; x_wconf 89' lang='lat' dir='ltr'><strong>rint.</strong></span> <span class='ocrx_word' id='word_1_208' title='bbox 328 3289 455 3350; x_wconf 89' lang='lat' dir='ltr'><strong>Caecina</strong></span> <span class='ocrx_word' id='word_1_209' title='bbox 475 3287 602 3348; x_wconf 87' lang='lat' dir='ltr'><strong>dimissis</strong></span> <span class='ocrx_word' id='word_1_210' title='bbox 623 3285 751 3362; x_wconf 81' lang='lat' dir='ltr'><strong>tribunis</strong></span> <span class='ocrx_word' id='word_1_211' title='bbox 772 3294 911 3346; x_wconf 85' lang='lat' dir='ltr'><strong>revectus</strong></span> <span class='ocrx_word' id='word_1_212' title='bbox 940 3283 971 3344; x_wconf 91' lang='lat' dir='ltr'><strong>in</strong></span> <span class='ocrx_word' id='word_1_213' title='bbox 1002 3295 1099 3357; x_wconf 84' lang='lat' dir='ltr'><strong>castra</strong></span> <span class='ocrx_word' id='word_1_214' title='bbox 1128 3282 1232 3344; x_wconf 88' lang='lat' dir='ltr'><strong>datum</strong></span> 
     </span>
     <span class='ocr_line' id='line_1_28' title="bbox 210 3370 1231 3474; baseline -0.004 -18"><span class='ocrx_word' id='word_1_215' title='bbox 210 3398 293 3458; x_wconf 87' lang='lat' dir='ltr'><strong>iussu</strong></span> <span class='ocrx_word' id='word_1_216' title='bbox 312 3393 400 3458; x_wconf 80' lang='lat' dir='ltr'><strong>Fabii</strong></span> <span class='ocrx_word' id='word_1_217' title='bbox 421 3393 553 3456; x_wconf 85' lang='lat' dir='ltr'><strong>Valentis</strong></span> <span class='ocrx_word' id='word_1_218' title='bbox 583 3411 700 3474; x_wconf 89' lang='lat' dir='ltr'><strong>pugnae</strong></span> <span class='ocrx_word' id='word_1_219' title='bbox 727 3370 846 3472; x_wconf 87' lang='lat' dir='ltr'><strong>sig&#39;num</strong></span> <span class='ocrx_word' id='word_1_220' title='bbox 873 3401 903 3452; x_wconf 90' lang='lat' dir='ltr'><strong>et</strong></span> <span class='ocrx_word' id='word_1_221' title='bbox 930 3391 1055 3453; x_wconf 86' lang='lat' dir='ltr'><strong>militem</strong></span> <span class='ocrx_word' id='word_1_222' title='bbox 1083 3391 1118 3448; x_wconf 89' lang='lat' dir='ltr'><strong>io</strong></span> <span class='ocrx_word' id='word_1_223' title='bbox 1139 3393 1231 3452; x_wconf 89' lang='lat' dir='ltr'><strong>armis</strong></span> 
     </span>
     <span class='ocr_line' id='line_1_29' title="bbox 211 3499 1231 3586; baseline -0.011 -17"><span class='ocrx_word' id='word_1_224' title='bbox 211 3504 336 3569; x_wconf 86' lang='lat' dir='ltr'><strong>invenit.</strong></span> <span class='ocrx_word' id='word_1_225' title='bbox 379 3507 461 3580; x_wconf 88' lang='lat' dir='ltr'><strong>Dum</strong></span> <span class='ocrx_word' id='word_1_226' title='bbox 484 3501 616 3586; x_wconf 88' lang='lat' dir='ltr'><strong>legiones</strong></span> <span class='ocrx_word' id='word_1_227' title='bbox 638 3499 795 3561; x_wconf 88' lang='lat' dir='ltr'><strong>deordine</strong></span> <span class='ocrx_word' id='word_1_228' title='bbox 808 3501 932 3582; x_wconf 88' lang='lat' dir='ltr'><strong>agminis</strong></span> <span class='ocrx_word' id='word_1_229' title='bbox 952 3499 1130 3571; x_wconf 89' lang='lat' dir='ltr'><strong>sortiuntur,</strong></span> <span class='ocrx_word' id='word_1_230' title='bbox 1143 3499 1231 3580; x_wconf 88' lang='lat' dir='ltr'><strong>equi·</strong></span> 
     </span>
    </p>

    <p class='ocr_par' dir='ltr' id='par_1_9' title="bbox 155 3588 1230 3818">
     <span class='ocr_line' id='line_1_30' title="bbox 155 3595 1230 3696; baseline -0.006 -24"><span class='ocrx_word' id='word_1_231' title='bbox 155 3627 157 3635; x_wconf 79' lang='grc'>’</span> <span class='ocrx_word' id='word_1_232' title='bbox 211 3625 253 3672; x_wconf 92' lang='lat' dir='ltr'><strong>tes</strong></span> <span class='ocrx_word' id='word_1_233' title='bbox 271 3630 464 3696; x_wconf 81' lang='lat' dir='ltr'><strong>prorupere3</strong></span> <span class='ocrx_word' id='word_1_234' title='bbox 486 3619 516 3669; x_wconf 88' lang='lat' dir='ltr'><strong>et</strong></span> <span class='ocrx_word' id='word_1_235' title='bbox 533 3608 646 3690; x_wconf 15' lang='lat' dir='ltr'><strong>&#39;mirum</strong></span> <span class='ocrx_word' id='word_1_236' title='bbox 667 3605 772 3688; x_wconf 85' lang='lat' dir='ltr'><strong>dictu,</strong></span> <span class='ocrx_word' id='word_1_237' title='bbox 799 3595 818 3666; x_wconf 79' lang='lat' dir='ltr'><strong>a</strong></span> <span class='ocrx_word' id='word_1_238' title='bbox 837 3606 1028 3689; x_wconf 88' lang='lat' dir='ltr'><strong>paucioribus</strong></span> <span class='ocrx_word' id='word_1_239' title='bbox 1047 3605 1230 3674; x_wconf 85' lang='lat' dir='ltr'><strong>Othonianis</strong></span> 
     </span>
     <span class='ocr_line' id='line_1_31' title="bbox 158 3710 1229 3818; baseline -0.01 -36"><span class='ocrx_word' id='word_1_240' title='bbox 158 3732 198 3794; x_wconf 79' lang='lat'><strong>50</strong></span> <span class='ocrx_word' id='word_1_241' title='bbox 212 3742 270 3804; x_wconf 91' lang='lat' dir='ltr'><strong>quo</strong></span> <span class='ocrx_word' id='word_1_242' title='bbox 290 3719 391 3781; x_wconf 89' lang='lat' dir='ltr'><strong>miuus</strong></span> <span class='ocrx_word' id='word_1_243' title='bbox 410 3719 443 3778; x_wconf 91' lang='lat' dir='ltr'><strong>in</strong></span> <span class='ocrx_word' id='word_1_244' title='bbox 467 3713 580 3803; x_wconf 85' lang='lat' dir='ltr'><strong>vallum</strong></span> <span class='ocrx_word' id='word_1_245' title='bbox 598 3713 850 3798; x_wconf 79' lang='lat' dir='ltr'><strong>impingereptur,</strong></span> <span class='ocrx_word' id='word_1_246' title='bbox 872 3713 993 3778; x_wconf 89' lang='lat' dir='ltr'><strong>Italicae</strong></span> <span class='ocrx_word' id='word_1_247' title='bbox 1013 3710 1146 3818; x_wconf 80' lang='lat' dir='ltr'><strong>legionis</strong></span> <span class='ocrx_word' id='word_1_248' title='bbox 1166 3714 1229 3772; x_wconf 85' lang='lat' dir='ltr'><strong>vir-</strong></span> 
     </span>
    </p>
   </div>
   <div class='ocr_carea' id='block_1_3' title="bbox 214 3929 1257 4116">
    <p class='ocr_par' dir='ltr' id='par_1_10' title="bbox 214 3929 1257 4116">
     <span class='ocr_line' id='line_1_32' title="bbox 298 3929 1252 4018; baseline -0.01 -29"><span class='ocrx_word' id='word_1_249' title='bbox 298 3953 322 4004; x_wconf 79' lang='lat'><strong>7.</strong></span> <span class='ocrx_word' id='word_1_250' title='bbox 339 3934 456 4008; x_wconf 80' lang='lat' dir='ltr'><strong>proinde</strong></span> <span class='ocrx_word' id='word_1_251' title='bbox 475 3932 534 3998; x_wconf 61' lang='lat' dir='ltr'><strong>hta,</strong></span> <span class='ocrx_word' id='word_1_252' title='bbox 553 3940 580 4018; x_wconf 83' lang='lat' dir='ltr'><strong>et</strong></span> <span class='ocrx_word' id='word_1_253' title='bbox 607 3937 632 3990; x_wconf 75' lang='grc' dir='ltr'><strong>ὃ.</strong></span> <span class='ocrx_word' id='word_1_254' title='bbox 642 3933 764 4002; x_wconf 65' lang='lat' dir='ltr'><strong>fractura.</strong></span> <span class='ocrx_word' id='word_1_255' title='bbox 795 3939 823 3984; x_wconf 88' lang='lat' dir='ltr'><strong>et</strong></span> <span class='ocrx_word' id='word_1_256' title='bbox 857 3949 893 3985; x_wconf 82' lang='lat' dir='ltr'><strong>ro.</strong></span> <span class='ocrx_word' id='word_1_257' title='bbox 912 3930 1015 4000; x_wconf 80' lang='lat' dir='ltr'><strong>aduae,</strong></span> <span class='ocrx_word' id='word_1_258' title='bbox 1034 3943 1062 3986; x_wconf 86' lang='lat' dir='ltr'><strong>et</strong></span> <span class='ocrx_word' id='word_1_259' title='bbox 1084 3929 1123 3983; x_wconf 81' lang='lat'><strong>13.</strong></span> <span class='ocrx_word' id='word_1_260' title='bbox 1143 3929 1228 3986; x_wconf 81' lang='lat' dir='ltr'><strong>cmis-</strong></span> <span class='ocrx_word' id='word_1_261' title='bbox 1250 4007 1252 4014; x_wconf 33' lang='grc' dir='ltr'>Ι</span> 
     </span>
     <span class='ocr_line' id='line_1_33' title="bbox 214 4013 1257 4116; baseline -0.006 -36"><span class='ocrx_word' id='word_1_262' title='bbox 214 4045 278 4116; x_wconf 79' lang='lat' dir='ltr'><strong>suro</strong></span> <span class='ocrx_word' id='word_1_263' title='bbox 297 4027 321 4078; x_wconf 84' lang='lat' dir='ltr'><strong>G</strong></span> <span class='ocrx_word' id='word_1_264' title='bbox 337 4027 415 4096; x_wconf 71' lang='lat' dir='ltr'>(W).</span> <span class='ocrx_word' id='word_1_265' title='bbox 807 4019 808 4022; x_wconf 47' lang='lat'>&#39;</span> <span class='ocrx_word' id='word_1_266' title='bbox 929 4013 931 4022; x_wconf 50' lang='lat'><strong>¹</strong></span> <span class='ocrx_word' id='word_1_267' title='bbox 1254 4037 1257 4044; x_wconf 90' lang='grc'>’</span> 
     </span>
    </p>
   </div>
   <div class='ocr_carea' id='block_1_4' title="bbox 0 0 1460 4730">
    <p class='ocr_par' dir='ltr' id='par_1_11' title="bbox 0 0 1460 4730">
     <span class='ocr_line' id='line_1_34' title="bbox 0 0 1460 4730; baseline 0 6"><span class='ocrx_word' id='word_1_268' title='bbox 0 0 1460 4730; x_wconf 95' lang='lat' dir='ltr'><strong> </strong></span> 
     </span>
    </p>
   </div>
  </div>
 </body>
</html>
