<?xml version="1.0" encoding="UTF-8"?>
<!DOCTYPE html PUBLIC "-//W3C//DTD XHTML 1.0 Transitional//EN"
    "http://www.w3.org/TR/xhtml1/DTD/xhtml1-transitional.dtd">
<html xmlns="http://www.w3.org/1999/xhtml" xml:lang="en" lang="en">
 <head>
  <title>
</title>
<meta http-equiv="Content-Type" content="text/html;charset=utf-8" />
  <meta name='ocr-system' content='tesseract 3.04.00' />
  <meta name='ocr-capabilities' content='ocr_page ocr_carea ocr_par ocr_line ocrx_word'/>
</head>
<body>
  <div class='ocr_page' id='page_1' title='image "./ccorneliitaciti01rittgoog_0248.png"; bbox 0 0 2886 4726; ppageno 0'>
   <div class='ocr_carea' id='block_1_1' title="bbox 13 539 16 596">
    <p class='ocr_par' dir='ltr' id='par_1_1' title="bbox 13 539 16 596">
     <span class='ocr_line' id='line_1_1' title="bbox 13 539 16 596; baseline 0 0"><span class='ocrx_word' id='word_1_1' title='bbox 13 539 16 596; x_wconf 88' lang='lat' dir='ltr'><strong>l</strong></span> 
     </span>
    </p>
   </div>
   <div class='ocr_carea' id='block_1_2' title="bbox 206 395 875 490">
    <p class='ocr_par' dir='ltr' id='par_1_2' title="bbox 206 395 875 490">
     <span class='ocr_line' id='line_1_2' title="bbox 206 395 875 490; baseline -0.009 -2"><span class='ocrx_word' id='word_1_2' title='bbox 206 426 267 490; x_wconf 78' lang='lat' dir='ltr'><strong>aas</strong></span> <span class='ocrx_word' id='word_1_3' title='bbox 586 395 875 482; x_wconf 76' lang='lat' dir='ltr'><strong>tusconmnnn</strong></span> 
     </span>
    </p>
   </div>
   <div class='ocr_carea' id='block_1_3' title="bbox 50 601 1233 686">
    <p class='ocr_par' dir='ltr' id='par_1_3' title="bbox 13 601 1233 694">
     <span class='ocr_line' id='line_1_3' title="bbox 50 601 1233 686; baseline -0.016 -6.607"><span class='ocrx_word' id='word_1_4' title='bbox 50 609 117 679; x_wconf 77' lang='lat' dir='ltr'>(³C·</span> <span class='ocrx_word' id='word_1_5' title='bbox 138 609 189 680; x_wconf 73' lang='lat'><strong>7⁰.)</strong></span> <span class='ocrx_word' id='word_1_6' title='bbox 206 607 238 666; x_wconf 86' lang='lat' dir='ltr'><strong>in</strong></span> <span class='ocrx_word' id='word_1_7' title='bbox 261 613 383 664; x_wconf 87' lang='lat' dir='ltr'><strong>externa</strong></span> <span class='ocrx_word' id='word_1_8' title='bbox 415 601 508 664; x_wconf 80' lang='lat' dir='ltr'><strong>verba</strong></span> <span class='ocrx_word' id='word_1_9' title='bbox 530 602 684 680; x_wconf 86' lang='lat' dir='ltr'><strong>iurarent,</strong></span> <span class='ocrx_word' id='word_1_10' title='bbox 719 606 887 686; x_wconf 80' lang='lat' dir='ltr'><strong>pignusque</strong></span> <span class='ocrx_word' id='word_1_11' title='bbox 913 602 992 664; x_wconf 88' lang='lat' dir='ltr'><strong>tanti</strong></span> <span class='ocrx_word' id='word_1_12' title='bbox 1010 601 1131 662; x_wconf 83' lang='lat' dir='ltr'><strong>sceleris</strong></span> <span class='ocrx_word' id='word_1_13' title='bbox 1159 615 1233 660; x_wconf 85' lang='lat' dir='ltr'><strong>nece</strong></span> 
     </span>
    </p>
   </div>
   <div class='ocr_carea' id='block_1_4' title="bbox 207 707 1332 2830">
    <p class='ocr_par' dir='ltr' id='par_1_4' title="bbox 207 707 1237 902">
     <span class='ocr_line' id='line_1_4' title="bbox 208 707 1234 814; baseline -0.005 -42"><span class='ocrx_word' id='word_1_14' title='bbox 208 722 260 772; x_wconf 90' lang='lat' dir='ltr'><strong>aut</strong></span> <span class='ocrx_word' id='word_1_15' title='bbox 278 711 408 772; x_wconf 81' lang='lat' dir='ltr'><strong>vinculis</strong></span> <span class='ocrx_word' id='word_1_16' title='bbox 428 709 594 792; x_wconf 82' lang='lat' dir='ltr'><strong>legatorum</strong></span> <span class='ocrx_word' id='word_1_17' title='bbox 606 709 749 776; x_wconf 77' lang='lat' dir='ltr'><strong>daretur.</strong></span> <span class='ocrx_word' id='word_1_18' title='bbox 793 709 926 814; x_wconf 79' lang='lat' dir='ltr'><strong>Vpcula,</strong></span> <span class='ocrx_word' id='word_1_19' title='bbox 956 729 1130 792; x_wconf 80' lang='lat' dir='ltr'>quanquam</span> <span class='ocrx_word' id='word_1_20' title='bbox 1168 707 1234 788; x_wconf 87' lang='lat' dir='ltr'><strong>ple-</strong></span> 
     </span>
     <span class='ocr_line' id='line_1_5' title="bbox 207 816 1237 902; baseline -0.006 -22"><span class='ocrx_word' id='word_1_21' title='bbox 207 821 293 902; x_wconf 82' lang='lat' dir='ltr'>rique</span> <span class='ocrx_word' id='word_1_22' title='bbox 315 818 415 901; x_wconf 80' lang='lat' dir='ltr'><strong>fugam</strong></span> <span class='ocrx_word' id='word_1_23' title='bbox 436 817 622 896; x_wconf 80' lang='lat' dir='ltr'><strong>suadebant,</strong></span> <span class='ocrx_word' id='word_1_24' title='bbox 643 819 817 882; x_wconf 81' lang='lat' dir='ltr'><strong>audendum</strong></span> <span class='ocrx_word' id='word_1_25' title='bbox 837 828 920 878; x_wconf 88' lang='lat' dir='ltr'><strong>ratus</strong></span> <span class='ocrx_word' id='word_1_26' title='bbox 953 826 1060 878; x_wconf 84' lang='lat' dir='ltr'><strong>vocata</strong></span> <span class='ocrx_word' id='word_1_27' title='bbox 1086 816 1237 876; x_wconf 83' lang='lat' dir='ltr'><strong>concione</strong></span> 
     </span>
    </p>

    <p class='ocr_par' dir='ltr' id='par_1_5' title="bbox 207 908 1304 1438">
     <span class='ocr_line' id='line_1_6' title="bbox 207 908 1304 1008; baseline -0.009 -21"><span class='ocrx_word' id='word_1_28' title='bbox 207 930 238 987; x_wconf 91' lang='lat' dir='ltr'><strong>in</strong></span> <span class='ocrx_word' id='word_1_29' title='bbox 269 927 350 988; x_wconf 86' lang='lat' dir='ltr'><strong>hunc</strong></span> <span class='ocrx_word' id='word_1_30' title='bbox 382 923 506 998; x_wconf 68' lang='lat' dir='ltr'><strong>modum</strong></span> <span class='ocrx_word' id='word_1_31' title='bbox 540 923 691 986; x_wconf 83' lang='lat' dir='ltr'><strong>disseruit.</strong></span> <span class='ocrx_word' id='word_1_32' title='bbox 716 924 924 1008; x_wconf 81' lang='lat' dir='ltr'><strong>„,Nuoquem</strong></span> <span class='ocrx_word' id='word_1_33' title='bbox 955 919 1037 1003; x_wconf 89' lang='lat' dir='ltr'><strong>apud</strong></span> <span class='ocrx_word' id='word_1_34' title='bbox 1066 941 1120 980; x_wconf 83' lang='lat' dir='ltr'><strong>vos</strong></span> <span class='ocrx_word' id='word_1_35' title='bbox 1144 918 1235 982; x_wconf 86' lang='lat' dir='ltr'><strong>verbo</strong></span> <span class='ocrx_word' id='word_1_36' title='bbox 1248 908 1304 986; x_wconf 84' lang='lat'><strong>58</strong></span> 
     </span>
     <span class='ocr_line' id='line_1_7' title="bbox 208 1013 1266 1117; baseline -0.013 -21"><span class='ocrx_word' id='word_1_37' title='bbox 208 1037 268 1096; x_wconf 84' lang='lat' dir='ltr'><strong>saci</strong></span> <span class='ocrx_word' id='word_1_38' title='bbox 289 1045 340 1095; x_wconf 89' lang='lat' dir='ltr'><strong>aut</strong></span> <span class='ocrx_word' id='word_1_39' title='bbox 360 1054 418 1116; x_wconf 89' lang='lat' dir='ltr'><strong>pro</strong></span> <span class='ocrx_word' id='word_1_40' title='bbox 439 1033 525 1095; x_wconf 82' lang='lat' dir='ltr'><strong>vobis</strong></span> <span class='ocrx_word' id='word_1_41' title='bbox 554 1033 781 1111; x_wconf 83' lang='lat' dir='ltr'><strong>sollicitioraut</strong></span> <span class='ocrx_word' id='word_1_42' title='bbox 808 1054 865 1117; x_wconf 88' lang='lat' dir='ltr'><strong>pro</strong></span> <span class='ocrx_word' id='word_1_43' title='bbox 893 1053 942 1094; x_wconf 90' lang='lat' dir='ltr'><strong>me</strong></span> <span class='ocrx_word' id='word_1_44' title='bbox 967 1030 1116 1096; x_wconf 87' lang='lat' dir='ltr'><strong>securior.</strong></span> <span class='ocrx_word' id='word_1_45' title='bbox 1158 1013 1266 1084; x_wconf 72' lang='lat' dir='ltr'><strong>NamS</strong></span> 
     </span>
     <span class='ocr_line' id='line_1_8' title="bbox 209 1132 1239 1224; baseline -0.01 -22"><span class='ocrx_word' id='word_1_46' title='bbox 209 1142 283 1202; x_wconf 89' lang='lat' dir='ltr'><strong>mihi</strong></span> <span class='ocrx_word' id='word_1_47' title='bbox 304 1141 427 1204; x_wconf 88' lang='lat' dir='ltr'><strong>exitium</strong></span> <span class='ocrx_word' id='word_1_48' title='bbox 451 1143 553 1224; x_wconf 81' lang='lat' dir='ltr'><strong>parmi</strong></span> <span class='ocrx_word' id='word_1_49' title='bbox 574 1141 671 1203; x_wconf 87' lang='lat' dir='ltr'><strong>libens</strong></span> <span class='ocrx_word' id='word_1_50' title='bbox 693 1141 805 1216; x_wconf 88' lang='lat' dir='ltr'><strong>audio,</strong></span> <span class='ocrx_word' id='word_1_51' title='bbox 829 1151 1021 1223; x_wconf 86' lang='lat' dir='ltr'><strong>mortemque</strong></span> <span class='ocrx_word' id='word_1_52' title='bbox 1042 1138 1072 1198; x_wconf 91' lang='lat' dir='ltr'><strong>in</strong></span> <span class='ocrx_word' id='word_1_53' title='bbox 1092 1144 1139 1195; x_wconf 89' lang='lat' dir='ltr'><strong>tot</strong></span> <span class='ocrx_word' id='word_1_54' title='bbox 1154 1132 1239 1194; x_wconf 87' lang='lat' dir='ltr'><strong>malis</strong></span> 
     </span>
     <span class='ocr_line' id='line_1_9' title="bbox 211 1241 1238 1334; baseline -0.006 -27"><span class='ocrx_word' id='word_1_55' title='bbox 211 1249 367 1324; x_wconf 83' lang='lat' dir='ltr'><strong>[lmstium]</strong></span> <span class='ocrx_word' id='word_1_56' title='bbox 382 1257 425 1334; x_wconf 87' lang='lat' dir='ltr'><strong>ut</strong></span> <span class='ocrx_word' id='word_1_57' title='bbox 445 1249 533 1309; x_wconf 88' lang='lat' dir='ltr'><strong>finem</strong></span> <span class='ocrx_word' id='word_1_58' title='bbox 558 1249 751 1309; x_wconf 87' lang='lat' dir='ltr'><strong>miseriarum</strong></span> <span class='ocrx_word' id='word_1_59' title='bbox 770 1257 917 1329; x_wconf 82' lang='lat' dir='ltr'><strong>exspecto.</strong></span> <span class='ocrx_word' id='word_1_60' title='bbox 959 1245 1064 1308; x_wconf 78' lang='lat' dir='ltr'><strong>Vestri</strong></span> <span class='ocrx_word' id='word_1_61' title='bbox 1083 1261 1131 1303; x_wconf 87' lang='lat' dir='ltr'><strong>me</strong></span> <span class='ocrx_word' id='word_1_62' title='bbox 1145 1241 1238 1324; x_wconf 88' lang='lat' dir='ltr'><strong>pudet</strong></span> 
     </span>
     <span class='ocr_line' id='line_1_10' title="bbox 210 1352 1236 1438; baseline -0.006 -24"><span class='ocrx_word' id='word_1_63' title='bbox 210 1357 402 1436; x_wconf 78' lang='lat' dir='ltr'><strong>miseretque,</strong></span> <span class='ocrx_word' id='word_1_64' title='bbox 423 1353 566 1430; x_wconf 78' lang='lat' dir='ltr'><strong>adversus</strong></span> <span class='ocrx_word' id='word_1_65' title='bbox 586 1377 664 1438; x_wconf 90' lang='lat' dir='ltr'><strong>quos</strong></span> <span class='ocrx_word' id='word_1_66' title='bbox 687 1377 746 1416; x_wconf 87' lang='lat' dir='ltr'><strong>noo</strong></span> <span class='ocrx_word' id='word_1_67' title='bbox 767 1353 916 1438; x_wconf 87' lang='lat' dir='ltr'><strong>praelium</strong></span> <span class='ocrx_word' id='word_1_68' title='bbox 937 1363 968 1415; x_wconf 89' lang='lat' dir='ltr'><strong>et</strong></span> <span class='ocrx_word' id='word_1_69' title='bbox 986 1352 1065 1412; x_wconf 88' lang='lat' dir='ltr'><strong>acies</strong></span> <span class='ocrx_word' id='word_1_70' title='bbox 1076 1359 1236 1432; x_wconf 88' lang='lat' dir='ltr'><strong>parantur,</strong></span> 
     </span>
    </p>

    <p class='ocr_par' dir='ltr' id='par_1_6' title="bbox 207 1444 1332 2830">
     <span class='ocr_line' id='line_1_11' title="bbox 208 1444 1332 1546; baseline -0.001 -24"><span class='ocrx_word' id='word_1_71' title='bbox 208 1461 241 1522; x_wconf 90' lang='lat' dir='ltr'><strong>id</strong></span> <span class='ocrx_word' id='word_1_72' title='bbox 263 1464 343 1522; x_wconf 88' lang='lat' dir='ltr'><strong>enim</strong></span> <span class='ocrx_word' id='word_1_73' title='bbox 368 1463 411 1524; x_wconf 86' lang='lat' dir='ltr'><strong>sas</strong></span> <span class='ocrx_word' id='word_1_74' title='bbox 431 1483 586 1524; x_wconf 84' lang='lat' dir='ltr'><strong>armorum</strong></span> <span class='ocrx_word' id='word_1_75' title='bbox 606 1463 704 1523; x_wconf 82' lang='lat' dir='ltr'><strong>etius</strong></span> <span class='ocrx_word' id='word_1_76' title='bbox 724 1444 856 1522; x_wconf 74' lang='lat' dir='ltr'><strong>hostium</strong></span> <span class='ocrx_word' id='word_1_77' title='bbox 879 1471 942 1522; x_wconf 84' lang='lat' dir='ltr'><strong>est:</strong></span> <span class='ocrx_word' id='word_1_78' title='bbox 965 1457 1078 1520; x_wconf 90' lang='lat' dir='ltr'><strong>bellom</strong></span> <span class='ocrx_word' id='word_1_79' title='bbox 1100 1479 1170 1518; x_wconf 91' lang='lat' dir='ltr'><strong>cum</strong></span> <span class='ocrx_word' id='word_1_80' title='bbox 1182 1478 1239 1538; x_wconf 90' lang='lat' dir='ltr'><strong>po·</strong></span> <span class='ocrx_word' id='word_1_81' title='bbox 1302 1542 1304 1546; x_wconf 18' lang='grc' dir='ltr'>Ι</span> <span class='ocrx_word' id='word_1_82' title='bbox 1331 1517 1332 1521; x_wconf 75' lang='grc'>,</span> 
     </span>
     <span class='ocr_line' id='line_1_12' title="bbox 208 1563 1288 1651; baseline 0.006 -27"><span class='ocrx_word' id='word_1_83' title='bbox 208 1563 282 1648; x_wconf 88' lang='lat' dir='ltr'><strong>pulo</strong></span> <span class='ocrx_word' id='word_1_84' title='bbox 292 1565 428 1626; x_wconf 83' lang='lat' dir='ltr'><strong>Romano</strong></span> <span class='ocrx_word' id='word_1_85' title='bbox 448 1570 552 1630; x_wconf 85' lang='lat' dir='ltr'><strong>vestris</strong></span> <span class='ocrx_word' id='word_1_86' title='bbox 576 1590 609 1629; x_wconf 88' lang='lat' dir='ltr'><strong>se</strong></span> <span class='ocrx_word' id='word_1_87' title='bbox 629 1568 771 1632; x_wconf 84' lang='lat' dir='ltr'><strong>manibus</strong></span> <span class='ocrx_word' id='word_1_88' title='bbox 792 1577 948 1650; x_wconf 79' lang='lat' dir='ltr'><strong>gesturum</strong></span> <span class='ocrx_word' id='word_1_89' title='bbox 963 1569 1112 1630; x_wconf 81' lang='lat' dir='ltr'><strong>Classicus</strong></span> <span class='ocrx_word' id='word_1_90' title='bbox 1125 1579 1236 1651; x_wconf 88' lang='lat' dir='ltr'><strong>sperat,</strong></span> <span class='ocrx_word' id='word_1_91' title='bbox 1254 1591 1288 1630; x_wconf 82' lang='grc' dir='ltr'><strong>ιο</strong></span> 
     </span>
     <span class='ocr_line' id='line_1_13' title="bbox 208 1664 1238 1766; baseline 0.006 -36"><span class='ocrx_word' id='word_1_92' title='bbox 208 1672 489 1756; x_wconf 84' lang='lat' dir='ltr'><strong>imperiumqneet</strong></span> <span class='ocrx_word' id='word_1_93' title='bbox 518 1685 741 1766; x_wconf 83' lang='lat' dir='ltr'><strong>sacramentum</strong></span> <span class='ocrx_word' id='word_1_94' title='bbox 772 1674 945 1740; x_wconf 56' lang='lat' dir='ltr'><strong>Galliarum.</strong></span> <span class='ocrx_word' id='word_1_95' title='bbox 970 1688 1109 1740; x_wconf 84' lang='lat' dir='ltr'><strong>ostentat.</strong></span> <span class='ocrx_word' id='word_1_96' title='bbox 1127 1664 1130 1674; x_wconf 51' lang='lat'>⁵</span> <span class='ocrx_word' id='word_1_97' title='bbox 1151 1677 1238 1737; x_wconf 82' lang='lat' dir='ltr'><strong>Adeo</strong></span> 
     </span>
     <span class='ocr_line' id='line_1_14' title="bbox 213 1781 1311 1866; baseline 0.002 -26"><span class='ocrx_word' id='word_1_98' title='bbox 213 1801 266 1840; x_wconf 86' lang='lat' dir='ltr'><strong>nos</strong></span> <span class='ocrx_word' id='word_1_99' title='bbox 288 1782 312 1840; x_wconf 86' lang='lat' dir='ltr'><strong>si</strong></span> <span class='ocrx_word' id='word_1_100' title='bbox 332 1781 454 1844; x_wconf 84' lang='lat' dir='ltr'><strong>fortuna</strong></span> <span class='ocrx_word' id='word_1_101' title='bbox 475 1786 505 1844; x_wconf 94' lang='lat' dir='ltr'><strong>in</strong></span> <span class='ocrx_word' id='word_1_102' title='bbox 517 1805 666 1866; x_wconf 83' lang='lat' dir='ltr'><strong>praesens</strong></span> <span class='ocrx_word' id='word_1_103' title='bbox 684 1785 840 1866; x_wconf 85' lang='lat' dir='ltr'><strong>virtusque</strong></span> <span class='ocrx_word' id='word_1_104' title='bbox 861 1783 1006 1858; x_wconf 85' lang='lat' dir='ltr'><strong>deseruit,</strong></span> <span class='ocrx_word' id='word_1_105' title='bbox 1029 1788 1121 1846; x_wconf 88' lang='lat' dir='ltr'><strong>etiam</strong></span> <span class='ocrx_word' id='word_1_106' title='bbox 1137 1795 1238 1846; x_wconf 75' lang='lat' dir='ltr'><strong>vetera</strong></span> <span class='ocrx_word' id='word_1_107' title='bbox 1292 1786 1311 1799; x_wconf 71' lang='lat'>⁸</span> 
     </span>
     <span class='ocr_line' id='line_1_15' title="bbox 208 1889 1239 1976; baseline 0.002 -26"><span class='ocrx_word' id='word_1_108' title='bbox 208 1889 341 1973; x_wconf 86' lang='lat' dir='ltr'><strong>exempla</strong></span> <span class='ocrx_word' id='word_1_109' title='bbox 368 1889 524 1971; x_wconf 86' lang='lat' dir='ltr'><strong>deficiunt,</strong></span> <span class='ocrx_word' id='word_1_110' title='bbox 545 1892 683 1976; x_wconf 88' lang='lat' dir='ltr'><strong>quotiens</strong></span> <span class='ocrx_word' id='word_1_111' title='bbox 704 1894 858 1954; x_wconf 83' lang='lat' dir='ltr'><strong>Romanae</strong></span> <span class='ocrx_word' id='word_1_112' title='bbox 877 1892 1009 1974; x_wconf 83' lang='lat' dir='ltr'><strong>legiones</strong></span> <span class='ocrx_word' id='word_1_113' title='bbox 1029 1893 1131 1974; x_wconf 85' lang='lat' dir='ltr'><strong>perire</strong></span> <span class='ocrx_word' id='word_1_114' title='bbox 1152 1913 1239 1972; x_wconf 85' lang='lat' dir='ltr'><strong>proe-</strong></span> 
     </span>
     <span class='ocr_line' id='line_1_16' title="bbox 207 1999 1296 2083; baseline -0.006 -22"><span class='ocrx_word' id='word_1_115' title='bbox 207 2002 399 2080; x_wconf 75' lang='lat' dir='ltr'><strong>optaverint,</strong></span> <span class='ocrx_word' id='word_1_116' title='bbox 431 2021 468 2060; x_wconf 85' lang='lat' dir='ltr'><strong>ne</strong></span> <span class='ocrx_word' id='word_1_117' title='bbox 495 1999 564 2062; x_wconf 89' lang='lat' dir='ltr'><strong>loco</strong></span> <span class='ocrx_word' id='word_1_118' title='bbox 584 1999 785 2083; x_wconf 83' lang='lat' dir='ltr'><strong>pellerentur.</strong></span> <span class='ocrx_word' id='word_1_119' title='bbox 830 2000 910 2062; x_wconf 88' lang='lat' dir='ltr'><strong>Socii</strong></span> <span class='ocrx_word' id='word_1_120' title='bbox 942 2021 1030 2082; x_wconf 84' lang='lat' dir='ltr'><strong>saepe</strong></span> <span class='ocrx_word' id='word_1_121' title='bbox 1060 1999 1154 2062; x_wconf 89' lang='lat' dir='ltr'><strong>nostri</strong></span> <span class='ocrx_word' id='word_1_122' title='bbox 1186 2021 1239 2058; x_wconf 84' lang='lat' dir='ltr'><strong>cx.</strong></span> <span class='ocrx_word' id='word_1_123' title='bbox 1295 2075 1296 2078; x_wconf 8' lang='grc' dir='ltr'><strong>Ἴ</strong></span> 
     </span>
     <span class='ocr_line' id='line_1_17' title="bbox 207 2106 1288 2191; baseline 0 -22"><span class='ocrx_word' id='word_1_124' title='bbox 207 2107 304 2170; x_wconf 87' lang='lat' dir='ltr'><strong>scindi</strong></span> <span class='ocrx_word' id='word_1_125' title='bbox 326 2109 416 2169; x_wconf 85' lang='lat' dir='ltr'><strong>urbes</strong></span> <span class='ocrx_word' id='word_1_126' title='bbox 436 2127 505 2170; x_wconf 85' lang='lat' dir='ltr'><strong>suas</strong></span> <span class='ocrx_word' id='word_1_127' title='bbox 526 2129 617 2190; x_wconf 89' lang='lat' dir='ltr'><strong>seque</strong></span> <span class='ocrx_word' id='word_1_128' title='bbox 639 2131 709 2169; x_wconf 87' lang='lat' dir='ltr'><strong>cnm</strong></span> <span class='ocrx_word' id='word_1_129' title='bbox 728 2111 908 2191; x_wconf 73' lang='lat' dir='ltr'><strong>coniugibus</strong></span> <span class='ocrx_word' id='word_1_130' title='bbox 928 2132 964 2168; x_wconf 86' lang='lat' dir='ltr'><strong>oc</strong></span> <span class='ocrx_word' id='word_1_131' title='bbox 985 2109 1088 2170; x_wconf 87' lang='lat' dir='ltr'><strong>liberis</strong></span> <span class='ocrx_word' id='word_1_132' title='bbox 1110 2109 1239 2170; x_wconf 85' lang='lat' dir='ltr'><strong>cremari</strong></span> <span class='ocrx_word' id='word_1_133' title='bbox 1255 2106 1288 2162; x_wconf 77' lang='lat'><strong>¹5</strong></span> 
     </span>
     <span class='ocr_line' id='line_1_18' title="bbox 209 2195 1243 2300; baseline 0 -24"><span class='ocrx_word' id='word_1_134' title='bbox 209 2217 418 2297; x_wconf 79' lang='lat' dir='ltr'><strong>pertulerunt3</strong></span> <span class='ocrx_word' id='word_1_135' title='bbox 439 2236 538 2299; x_wconf 90' lang='lat' dir='ltr'><strong>neque</strong></span> <span class='ocrx_word' id='word_1_136' title='bbox 562 2215 643 2276; x_wconf 92' lang='lat' dir='ltr'><strong>alind</strong></span> <span class='ocrx_word' id='word_1_137' title='bbox 664 2217 793 2300; x_wconf 89' lang='lat' dir='ltr'><strong>pretium</strong></span> <span class='ocrx_word' id='word_1_138' title='bbox 814 2216 910 2278; x_wconf 84' lang='lat' dir='ltr'><strong>exitus</strong></span> <span class='ocrx_word' id='word_1_139' title='bbox 930 2237 1021 2297; x_wconf 83' lang='lat' dir='ltr'><strong>quarn</strong></span> <span class='ocrx_word' id='word_1_140' title='bbox 1050 2195 1123 2276; x_wconf 85' lang='lat' dir='ltr'><strong>fides</strong></span> <span class='ocrx_word' id='word_1_141' title='bbox 1145 2215 1243 2292; x_wconf 54' lang='lat' dir='ltr'><strong>samaa</strong></span> 
     </span>
     <span class='ocr_line' id='line_1_19' title="bbox 212 2322 1241 2408; baseline -0.006 -22"><span class='ocrx_word' id='word_1_142' title='bbox 212 2345 279 2404; x_wconf 87' lang='lat' dir='ltr'><strong>que.</strong></span> <span class='ocrx_word' id='word_1_143' title='bbox 321 2324 471 2386; x_wconf 88' lang='lat' dir='ltr'><strong>Tolerant</strong></span> <span class='ocrx_word' id='word_1_144' title='bbox 500 2347 571 2386; x_wconf 90' lang='lat' dir='ltr'><strong>cum</strong></span> <span class='ocrx_word' id='word_1_145' title='bbox 590 2327 719 2386; x_wconf 82' lang='lat' dir='ltr'><strong>maxime</strong></span> <span class='ocrx_word' id='word_1_146' title='bbox 747 2325 880 2407; x_wconf 87' lang='lat' dir='ltr'><strong>inopiam</strong></span> <span class='ocrx_word' id='word_1_147' title='bbox 911 2323 1124 2408; x_wconf 83' lang='lat' dir='ltr'><strong>obsidiumque</strong></span> <span class='ocrx_word' id='word_1_148' title='bbox 1157 2322 1241 2402; x_wconf 87' lang='lat' dir='ltr'><strong>apud</strong></span> 
     </span>
     <span class='ocr_line' id='line_1_20' title="bbox 211 2429 1238 2512; baseline -0.005 -20"><span class='ocrx_word' id='word_1_149' title='bbox 211 2431 324 2492; x_wconf 86' lang='lat' dir='ltr'><strong>Vetera</strong></span> <span class='ocrx_word' id='word_1_150' title='bbox 351 2429 496 2512; x_wconf 84' lang='lat' dir='ltr'><strong>legiones,</strong></span> <span class='ocrx_word' id='word_1_151' title='bbox 534 2451 590 2492; x_wconf 88' lang='lat' dir='ltr'><strong>nec</strong></span> <span class='ocrx_word' id='word_1_152' title='bbox 618 2444 735 2494; x_wconf 88' lang='lat' dir='ltr'><strong>terrore</strong></span> <span class='ocrx_word' id='word_1_153' title='bbox 756 2442 819 2493; x_wconf 81' lang='lat' dir='ltr'><strong>aut</strong></span> <span class='ocrx_word' id='word_1_154' title='bbox 843 2431 996 2512; x_wconf 78' lang='lat' dir='ltr'><strong>promissis</strong></span> <span class='ocrx_word' id='word_1_155' title='bbox 1028 2429 1238 2491; x_wconf 79' lang='lat' dir='ltr'><strong>demorentur.</strong></span> 
     </span>
     <span class='ocr_line' id='line_1_21' title="bbox 211 2534 1238 2618; baseline -0.01 -18"><span class='ocrx_word' id='word_1_156' title='bbox 211 2539 321 2614; x_wconf 82' lang='lat' dir='ltr'><strong>Nobis,</strong></span> <span class='ocrx_word' id='word_1_157' title='bbox 344 2557 433 2618; x_wconf 89' lang='lat' dir='ltr'><strong>super</strong></span> <span class='ocrx_word' id='word_1_158' title='bbox 455 2557 541 2596; x_wconf 83' lang='lat' dir='ltr'><strong>urma</strong></span> <span class='ocrx_word' id='word_1_159' title='bbox 571 2547 601 2596; x_wconf 86' lang='lat' dir='ltr'><strong>et</strong></span> <span class='ocrx_word' id='word_1_160' title='bbox 622 2537 703 2598; x_wconf 90' lang='lat' dir='ltr'><strong>viros</strong></span> <span class='ocrx_word' id='word_1_161' title='bbox 736 2547 767 2596; x_wconf 90' lang='lat' dir='ltr'><strong>et</strong></span> <span class='ocrx_word' id='word_1_162' title='bbox 792 2537 909 2616; x_wconf 80' lang='lat' dir='ltr'><strong>egregia</strong></span> <span class='ocrx_word' id='word_1_163' title='bbox 938 2547 1119 2610; x_wconf 82' lang='lat' dir='ltr'><strong>castrorum¹</strong></span> <span class='ocrx_word' id='word_1_164' title='bbox 1135 2534 1238 2596; x_wconf 90' lang='lat' dir='ltr'><strong>muni.</strong></span> 
     </span>
     <span class='ocr_line' id='line_1_22' title="bbox 212 2639 1291 2724; baseline -0.005 -19"><span class='ocrx_word' id='word_1_165' title='bbox 212 2642 542 2718; x_wconf 62' lang='lat' dir='ltr'><strong>mentatrumentum.</strong></span> <span class='ocrx_word' id='word_1_166' title='bbox 555 2652 585 2702; x_wconf 92' lang='lat' dir='ltr'><strong>et</strong></span> <span class='ocrx_word' id='word_1_167' title='bbox 606 2651 798 2702; x_wconf 83' lang='lat' dir='ltr'><strong>commeatus</strong></span> <span class='ocrx_word' id='word_1_168' title='bbox 812 2641 950 2720; x_wconf 86' lang='lat' dir='ltr'><strong>quamvis</strong></span> <span class='ocrx_word' id='word_1_169' title='bbox 971 2639 1059 2723; x_wconf 84' lang='lat' dir='ltr'><strong>longo</strong></span> <span class='ocrx_word' id='word_1_170' title='bbox 1079 2641 1160 2704; x_wconf 88' lang='lat' dir='ltr'><strong>bello</strong></span> <span class='ocrx_word' id='word_1_171' title='bbox 1184 2647 1291 2724; x_wconf 71' lang='lat' dir='ltr'><strong>par-2⁰</strong></span> 
     </span>
     <span class='ocr_line' id='line_1_23' title="bbox 211 2739 1241 2830; baseline -0.005 -18"><span class='ocrx_word' id='word_1_172' title='bbox 211 2771 271 2812; x_wconf 87' lang='lat' dir='ltr'><strong>res.</strong></span> <span class='ocrx_word' id='word_1_173' title='bbox 314 2747 448 2809; x_wconf 84' lang='lat' dir='ltr'><strong>Pecunia</strong></span> <span class='ocrx_word' id='word_1_174' title='bbox 470 2767 565 2829; x_wconf 85' lang='lat' dir='ltr'><strong>nuper</strong></span> <span class='ocrx_word' id='word_1_175' title='bbox 586 2747 677 2808; x_wconf 90' lang='lat' dir='ltr'><strong>etiam</strong></span> <span class='ocrx_word' id='word_1_176' title='bbox 695 2747 836 2808; x_wconf 84' lang='lat' dir='ltr'><strong>donativo</strong></span> <span class='ocrx_word' id='word_1_177' title='bbox 858 2739 991 2826; x_wconf 77' lang='lat' dir='ltr'><strong>suffecit3</strong></span> <span class='ocrx_word' id='word_1_178' title='bbox 1022 2748 1105 2830; x_wconf 89' lang='lat' dir='ltr'><strong>quod</strong></span> <span class='ocrx_word' id='word_1_179' title='bbox 1138 2750 1241 2810; x_wconf 88' lang='lat' dir='ltr'><strong>sivea</strong></span> 
     </span>
    </p>
   </div>
   <div class='ocr_carea' id='block_1_5' title="bbox 120 2857 1241 2957">
    <p class='ocr_par' dir='ltr' id='par_1_7' title="bbox 120 2857 1241 2957">
     <span class='ocr_line' id='line_1_24' title="bbox 120 2857 1241 2957; baseline -0.004 -37"><span class='ocrx_word' id='word_1_180' title='bbox 120 2947 123 2957; x_wconf 29' lang='grc' dir='ltr'>Ι</span> <span class='ocrx_word' id='word_1_181' title='bbox 215 2858 397 2941; x_wconf 82' lang='lat' dir='ltr'><strong>Vespasiano</strong></span> <span class='ocrx_word' id='word_1_182' title='bbox 418 2859 481 2918; x_wconf 87' lang='lat' dir='ltr'><strong>sive</strong></span> <span class='ocrx_word' id='word_1_183' title='bbox 501 2880 518 2918; x_wconf 86' lang='lat' dir='ltr'><strong>a</strong></span> <span class='ocrx_word' id='word_1_184' title='bbox 539 2857 663 2921; x_wconf 87' lang='lat' dir='ltr'><strong>Vitellio</strong></span> <span class='ocrx_word' id='word_1_185' title='bbox 687 2859 793 2918; x_wconf 90' lang='lat' dir='ltr'><strong>datum</strong></span> <span class='ocrx_word' id='word_1_186' title='bbox 814 2857 1009 2940; x_wconf 84' lang='lat' dir='ltr'><strong>interpretari</strong></span> <span class='ocrx_word' id='word_1_187' title='bbox 1030 2857 1186 2935; x_wconf 84' lang='lat' dir='ltr'><strong>mavoltis,</strong></span> <span class='ocrx_word' id='word_1_188' title='bbox 1201 2857 1241 2916; x_wconf 88' lang='lat' dir='ltr'><strong>ab</strong></span> 
     </span>
    </p>
   </div>
   <div class='ocr_carea' id='block_1_6' title="bbox 213 2964 1293 3584">
    <p class='ocr_par' dir='ltr' id='par_1_8' title="bbox 213 2964 1293 3584">
     <span class='ocr_line' id='line_1_25' title="bbox 213 2964 1241 3050; baseline 0.001 -22"><span class='ocrx_word' id='word_1_189' title='bbox 213 2971 397 3050; x_wconf 87' lang='lat' dir='ltr'><strong>imperatore</strong></span> <span class='ocrx_word' id='word_1_190' title='bbox 418 2977 497 3028; x_wconf 88' lang='lat' dir='ltr'><strong>certe</strong></span> <span class='ocrx_word' id='word_1_191' title='bbox 519 2968 656 3028; x_wconf 88' lang='lat' dir='ltr'><strong>Romano</strong></span> <span class='ocrx_word' id='word_1_192' title='bbox 677 2964 839 3046; x_wconf 87' lang='lat' dir='ltr'><strong>accepistis.</strong></span> <span class='ocrx_word' id='word_1_193' title='bbox 880 2967 942 3028; x_wconf 91' lang='lat' dir='ltr'><strong>Tot</strong></span> <span class='ocrx_word' id='word_1_194' title='bbox 968 2965 1117 3028; x_wconf 87' lang='lat' dir='ltr'><strong>bellorum</strong></span> <span class='ocrx_word' id='word_1_195' title='bbox 1139 2967 1241 3029; x_wconf 88' lang='lat' dir='ltr'><strong>victo-</strong></span> 
     </span>
     <span class='ocr_line' id='line_1_26' title="bbox 213 3071 1241 3156; baseline -0.004 -20"><span class='ocrx_word' id='word_1_196' title='bbox 213 3097 282 3154; x_wconf 89' lang='lat' dir='ltr'><strong>res,</strong></span> <span class='ocrx_word' id='word_1_197' title='bbox 302 3073 382 3156; x_wconf 89' lang='lat' dir='ltr'><strong>apud</strong></span> <span class='ocrx_word' id='word_1_198' title='bbox 401 3071 571 3152; x_wconf 79' lang='lat' dir='ltr'><strong>Geldubam</strong></span> <span class='ocrx_word' id='word_1_199' title='bbox 593 3071 675 3154; x_wconf 85' lang='lat' dir='ltr'><strong>apud</strong></span> <span class='ocrx_word' id='word_1_200' title='bbox 692 3071 819 3150; x_wconf 84' lang='lat' dir='ltr'><strong>Vetera,</strong></span> <span class='ocrx_word' id='word_1_201' title='bbox 848 3073 915 3135; x_wconf 80' lang='lat' dir='ltr'><strong>ineo</strong></span> <span class='ocrx_word' id='word_1_202' title='bbox 945 3072 1056 3134; x_wconf 89' lang='lat' dir='ltr'><strong>totiens</strong></span> <span class='ocrx_word' id='word_1_203' title='bbox 1078 3072 1185 3150; x_wconf 83' lang='lat' dir='ltr'><strong>hoste,</strong></span> <span class='ocrx_word' id='word_1_204' title='bbox 1215 3074 1241 3133; x_wconf 90' lang='lat' dir='ltr'><strong>si</strong></span> 
     </span>
     <span class='ocr_line' id='line_1_27' title="bbox 213 3174 1293 3270; baseline -0.001 -29"><span class='ocrx_word' id='word_1_205' title='bbox 213 3183 330 3262; x_wconf 86' lang='lat' dir='ltr'><strong>pavetis</strong></span> <span class='ocrx_word' id='word_1_206' title='bbox 353 3181 470 3257; x_wconf 85' lang='lat' dir='ltr'><strong>aciem,</strong></span> <span class='ocrx_word' id='word_1_207' title='bbox 496 3175 651 3270; x_wconf 60' lang='lat' dir='ltr'><strong>indignum</strong></span> <span class='ocrx_word' id='word_1_208' title='bbox 673 3178 705 3239; x_wconf 92' lang='lat' dir='ltr'><strong>id</strong></span> <span class='ocrx_word' id='word_1_209' title='bbox 724 3179 866 3261; x_wconf 88' lang='lat' dir='ltr'><strong>quidem:</strong></span> <span class='ocrx_word' id='word_1_210' title='bbox 898 3180 951 3242; x_wconf 91' lang='lat' dir='ltr'><strong>sed</strong></span> <span class='ocrx_word' id='word_1_211' title='bbox 973 3191 1017 3240; x_wconf 85' lang='lat' dir='ltr'><strong>est</strong></span> <span class='ocrx_word' id='word_1_212' title='bbox 1036 3179 1150 3240; x_wconf 85' lang='lat' dir='ltr'><strong>vallum</strong></span> <span class='ocrx_word' id='word_1_213' title='bbox 1171 3174 1293 3240; x_wconf 74' lang='lat' dir='ltr'><strong>nau-25</strong></span> 
     </span>
     <span class='ocr_line' id='line_1_28' title="bbox 215 3285 1241 3370; baseline 0 -22"><span class='ocrx_word' id='word_1_214' title='bbox 215 3291 301 3369; x_wconf 89' lang='lat' dir='ltr'><strong>rique</strong></span> <span class='ocrx_word' id='word_1_215' title='bbox 320 3298 350 3348; x_wconf 88' lang='lat' dir='ltr'><strong>et</strong></span> <span class='ocrx_word' id='word_1_216' title='bbox 370 3285 510 3356; x_wconf 89' lang='lat' dir='ltr'><strong>trahendi</strong></span> <span class='ocrx_word' id='word_1_217' title='bbox 530 3296 619 3354; x_wconf 87' lang='lat' dir='ltr'><strong>artes,</strong></span> <span class='ocrx_word' id='word_1_218' title='bbox 643 3285 738 3348; x_wconf 88' lang='lat' dir='ltr'><strong>donec</strong></span> <span class='ocrx_word' id='word_1_219' title='bbox 759 3309 776 3348; x_wconf 94' lang='lat' dir='ltr'><strong>e</strong></span> <span class='ocrx_word' id='word_1_220' title='bbox 787 3289 930 3370; x_wconf 86' lang='lat' dir='ltr'><strong>proximis</strong></span> <span class='ocrx_word' id='word_1_221' title='bbox 947 3285 1116 3370; x_wconf 85' lang='lat' dir='ltr'><strong>provinciis</strong></span> <span class='ocrx_word' id='word_1_222' title='bbox 1131 3287 1241 3348; x_wconf 86' lang='lat' dir='ltr'><strong>auxilia</strong></span> 
     </span>
     <span class='ocr_line' id='line_1_29' title="bbox 216 3393 1241 3479; baseline -0.002 -25"><span class='ocrx_word' id='word_1_223' title='bbox 216 3398 425 3478; x_wconf 78' lang='lat' dir='ltr'><strong>exercitusque</strong></span> <span class='ocrx_word' id='word_1_224' title='bbox 447 3403 638 3460; x_wconf 89' lang='lat' dir='ltr'><strong>concurrant.</strong></span> <span class='ocrx_word' id='word_1_225' title='bbox 678 3393 756 3457; x_wconf 88' lang='lat' dir='ltr'><strong>Sane</strong></span> <span class='ocrx_word' id='word_1_226' title='bbox 787 3417 843 3479; x_wconf 84' lang='lat' dir='ltr'><strong>ego</strong></span> <span class='ocrx_word' id='word_1_227' title='bbox 864 3394 1048 3478; x_wconf 87' lang='lat' dir='ltr'><strong>displiceam.</strong></span> <span class='ocrx_word' id='word_1_228' title='bbox 1089 3395 1167 3456; x_wconf 88' lang='lat' dir='ltr'><strong>Sunt</strong></span> <span class='ocrx_word' id='word_1_229' title='bbox 1190 3394 1241 3454; x_wconf 87' lang='lat' dir='ltr'><strong>alii</strong></span> 
     </span>
     <span class='ocr_line' id='line_1_30' title="bbox 216 3497 1240 3584; baseline 0.002 -26"><span class='ocrx_word' id='word_1_230' title='bbox 216 3499 307 3578; x_wconf 77' lang='lat' dir='ltr'><strong>legati</strong></span> <span class='ocrx_word' id='word_1_231' title='bbox 327 3501 444 3560; x_wconf 89' lang='lat' dir='ltr'><strong>tribuni</strong></span> <span class='ocrx_word' id='word_1_232' title='bbox 466 3500 603 3580; x_wconf 79' lang='lat' dir='ltr'><strong>centurio</strong></span> <span class='ocrx_word' id='word_1_233' title='bbox 624 3499 755 3584; x_wconf 89' lang='lat' dir='ltr'><strong>deniqne</strong></span> <span class='ocrx_word' id='word_1_234' title='bbox 774 3515 827 3563; x_wconf 90' lang='lat' dir='ltr'><strong>aut</strong></span> <span class='ocrx_word' id='word_1_235' title='bbox 847 3503 939 3565; x_wconf 86' lang='lat' dir='ltr'><strong>miles.</strong></span> <span class='ocrx_word' id='word_1_236' title='bbox 981 3503 1024 3563; x_wconf 86' lang='lat' dir='ltr'><strong>Ne</strong></span> <span class='ocrx_word' id='word_1_237' title='bbox 1053 3499 1114 3561; x_wconf 87' lang='lat' dir='ltr'><strong>hoc</strong></span> <span class='ocrx_word' id='word_1_238' title='bbox 1132 3497 1240 3582; x_wconf 84' lang='lat' dir='ltr'><strong>prodi-</strong></span> 
     </span>
    </p>
   </div>
   <div class='ocr_carea' id='block_1_7' title="bbox 166 3605 1241 3694">
    <p class='ocr_par' dir='ltr' id='par_1_9' title="bbox 166 3605 1241 3694">
     <span class='ocr_line' id='line_1_31' title="bbox 166 3605 1241 3694; baseline 0 -29"><span class='ocrx_word' id='word_1_239' title='bbox 166 3615 168 3620; x_wconf 80' lang='grc'><strong>“</strong></span> <span class='ocrx_word' id='word_1_240' title='bbox 215 3607 297 3687; x_wconf 81' lang='lat' dir='ltr'><strong>giunr</strong></span> <span class='ocrx_word' id='word_1_241' title='bbox 318 3617 383 3668; x_wconf 88' lang='lat' dir='ltr'><strong>toto</strong></span> <span class='ocrx_word' id='word_1_242' title='bbox 406 3619 556 3669; x_wconf 85' lang='lat' dir='ltr'><strong>terrarum</strong></span> <span class='ocrx_word' id='word_1_243' title='bbox 577 3609 651 3672; x_wconf 89' lang='lat' dir='ltr'><strong>orbe</strong></span> <span class='ocrx_word' id='word_1_244' title='bbox 670 3609 825 3692; x_wconf 83' lang='lat' dir='ltr'><strong>volgatur,</strong></span> <span class='ocrx_word' id='word_1_245' title='bbox 853 3611 938 3672; x_wconf 84' lang='lat' dir='ltr'><strong>vobis</strong></span> <span class='ocrx_word' id='word_1_246' title='bbox 960 3608 1138 3694; x_wconf 84' lang='lat' dir='ltr'><strong>satellitibus</strong></span> <span class='ocrx_word' id='word_1_247' title='bbox 1156 3605 1241 3666; x_wconf 84' lang='lat' dir='ltr'><strong>Civi-</strong></span> 
     </span>
    </p>
   </div>
   <div class='ocr_carea' id='block_1_8' title="bbox 216 3711 500 3728">
    <p class='ocr_par' dir='ltr' id='par_1_10' title="bbox 216 3711 500 3728">
     <span class='ocr_line' id='line_1_32' title="bbox 216 3711 500 3728; baseline 0 -4"><span class='ocrx_word' id='word_1_248' title='bbox 216 3711 500 3728; x_wconf 68' lang='lat'><em>——--——--——-</em></span> 
     </span>
    </p>
   </div>
   <div class='ocr_carea' id='block_1_9' title="bbox 218 3753 1242 4110">
    <p class='ocr_par' dir='ltr' id='par_1_11' title="bbox 218 3753 1242 4110">
     <span class='ocr_line' id='line_1_33' title="bbox 301 3753 1242 3830; baseline -0.002 -25"><span class='ocrx_word' id='word_1_249' title='bbox 301 3755 326 3805; x_wconf 86' lang='lat'><strong>6.</strong></span> <span class='ocrx_word' id='word_1_250' title='bbox 346 3753 463 3808; x_wconf 78' lang='lat' dir='ltr'><strong>hostium</strong></span> <span class='ocrx_word' id='word_1_251' title='bbox 484 3775 517 3809; x_wconf 81' lang='lat' dir='ltr'><strong>cx</strong></span> <span class='ocrx_word' id='word_1_252' title='bbox 536 3777 553 3826; x_wconf 85' lang='lat'><strong>9</strong></span> <span class='ocrx_word' id='word_1_253' title='bbox 582 3759 634 3810; x_wconf 83' lang='lat' dir='ltr'><strong>hue</strong></span> <span class='ocrx_word' id='word_1_254' title='bbox 652 3759 790 3830; x_wconf 82' lang='lat' dir='ltr'><strong>irrepsisse</strong></span> <span class='ocrx_word' id='word_1_255' title='bbox 812 3767 883 3812; x_wconf 88' lang='lat' dir='ltr'><strong>recte</strong></span> <span class='ocrx_word' id='word_1_256' title='bbox 901 3761 1045 3812; x_wconf 84' lang='lat' dir='ltr'><strong>intellexit·</strong></span> <span class='ocrx_word' id='word_1_257' title='bbox 1057 3755 1193 3811; x_wconf 72' lang='lat' dir='ltr'><strong>Acidaliae</strong></span> <span class='ocrx_word' id='word_1_258' title='bbox 1213 3759 1242 3803; x_wconf 86' lang='lat' dir='ltr'><strong>et</strong></span> 
     </span>
     <span class='ocr_line' id='line_1_34' title="bbox 218 3847 1238 3926; baseline 0.002 -22"><span class='ocrx_word' id='word_1_259' title='bbox 218 3850 371 3911; x_wconf 80' lang='lat' dir='ltr'><strong>Emestiur,</strong></span> <span class='ocrx_word' id='word_1_260' title='bbox 389 3863 442 3915; x_wconf 84' lang='lat' dir='ltr'><strong>qua</strong></span> <span class='ocrx_word' id='word_1_261' title='bbox 461 3849 493 3900; x_wconf 87' lang='lat' dir='ltr'><strong>de</strong></span> <span class='ocrx_word' id='word_1_262' title='bbox 511 3866 539 3902; x_wconf 90' lang='lat' dir='ltr'><strong>re</strong></span> <span class='ocrx_word' id='word_1_263' title='bbox 557 3869 616 3905; x_wconf 83' lang='lat' dir='ltr'><strong>cum</strong></span> <span class='ocrx_word' id='word_1_264' title='bbox 634 3855 702 3908; x_wconf 90' lang='lat' dir='ltr'><strong>alios</strong></span> <span class='ocrx_word' id='word_1_265' title='bbox 719 3863 776 3907; x_wconf 90' lang='lat' dir='ltr'><strong>tum</strong></span> <span class='ocrx_word' id='word_1_266' title='bbox 801 3871 889 3926; x_wconf 90' lang='lat' dir='ltr'><strong>nuper</strong></span> <span class='ocrx_word' id='word_1_267' title='bbox 906 3853 1074 3911; x_wconf 85' lang='lat' dir='ltr'><strong>Waltherum</strong></span> <span class='ocrx_word' id='word_1_268' title='bbox 1100 3847 1238 3900; x_wconf 62' lang='lat' dir='ltr'><strong>dubitem</strong></span> 
     </span>
     <span class='ocr_line' id='line_1_35' title="bbox 219 3945 772 4000; baseline -0.013 -4"><span class='ocrx_word' id='word_1_269' title='bbox 219 3945 333 4000; x_wconf 86' lang='lat' dir='ltr'><strong>mireris.</strong></span> <span class='ocrx_word' id='word_1_270' title='bbox 768 3985 772 3989; x_wconf 86' lang='lat'><strong>.</strong></span> 
     </span>
     <span class='ocr_line' id='line_1_36' title="bbox 292 4035 1204 4110; baseline -0.004 -16"><span class='ocrx_word' id='word_1_271' title='bbox 292 4043 329 4096; x_wconf 79' lang='lat' dir='ltr'><strong>rt.</strong></span> <span class='ocrx_word' id='word_1_272' title='bbox 350 4049 457 4093; x_wconf 75' lang='lat' dir='ltr'><strong>veteres</strong></span> <span class='ocrx_word' id='word_1_273' title='bbox 475 4038 551 4096; x_wconf 72' lang='lat' dir='ltr'><strong>GM³.</strong></span> <span class='ocrx_word' id='word_1_274' title='bbox 568 4043 633 4097; x_wconf 79' lang='lat' dir='ltr'><strong>Mos</strong></span> <span class='ocrx_word' id='word_1_275' title='bbox 651 4057 693 4094; x_wconf 81' lang='lat' dir='ltr'><strong>ao.</strong></span> <span class='ocrx_word' id='word_1_276' title='bbox 711 4037 816 4110; x_wconf 71' lang='lat' dir='ltr'><strong>suffecta</strong></span> <span class='ocrx_word' id='word_1_277' title='bbox 835 4041 953 4110; x_wconf 73' lang='lat' dir='ltr'><strong>Lipsiusz</strong></span> <span class='ocrx_word' id='word_1_278' title='bbox 972 4039 1077 4093; x_wconf 82' lang='lat' dir='ltr'><strong>codices</strong></span> <span class='ocrx_word' id='word_1_279' title='bbox 1096 4035 1204 4108; x_wconf 69' lang='lat' dir='ltr'><strong>affata</strong></span> 
     </span>
    </p>
   </div>
   <div class='ocr_carea' id='block_1_10' title="bbox 0 0 1462 4726">
    <p class='ocr_par' dir='ltr' id='par_1_12' title="bbox 0 0 1462 4726">
     <span class='ocr_line' id='line_1_37' title="bbox 0 0 1462 4726; baseline 0 0"><span class='ocrx_word' id='word_1_280' title='bbox 0 0 1462 4726; x_wconf 95' lang='lat' dir='ltr'><strong> </strong></span> 
     </span>
    </p>
   </div>
  </div>
 </body>
</html>
