2890 4728
245 399 303 462 972
600 374 895 452 msroarnnuu

12 547 13 554 .
85 578 114 646 (³
132 576 275 646 Oro->se
293 573 488 636 munimentis
504 573 675 635 defendere.
717 573 758 634 Et
777 574 898 634 interim
920 575 1145 635 Germanorum
1167 591 1271 640 manus

242 683 429 744 Batavoduri
451 704 594 764 rumpere
615 681 791 748 inchoatum
823 693 947 763 pontem
975 680 1156 742 nitebantur.
1200 687 1272 744 arnu

242 792 367 873 biguum
398 788 546 870 praelium
578 809 638 850 nox
672 787 804 848 diremit.
861 789 936 848 Plus
975 775 1163 847 discriminis
1193 773 1334 872 apudffl
1432 841 1433 860 ,

243 896 376 982 Grinnes
407 893 598 974 Vadamque.
641 893 759 952 Vadam
796 890 922 980 Civilis,
961 891 1095 953 Grinnes
1126 894 1275 960 Classicus

243 1003 468 1085 oppugnabant:
512 1010 571 1068 Nec
595 1001 660 1061 sisti
682 1007 822 1082 poterant
841 1001 1004 1060 interfecto
1017 1001 1303 1087 fortissimoque-5

242 1133 322 1192 que=3
346 1115 377 1170 in
398 1113 465 1193 quis
485 1112 673 1193 Briganticus
696 1111 865 1192 praefectus
885 1111 950 1171 alae
975 1110 1145 1191 ceciderat,
1182 1135 1273 1196 quem

242 1220 335 1279 fidum
357 1220 502 1280 Romanis
525 1230 554 1280 et
576 1219 664 1279 Civili
687 1219 836 1280 avunculo
858 1212 1014 1279 infensum·
1032 1217 1170 1284 diximus.
1214 1218 1272 1280 Sed

243 1325 298 1385 ubi
320 1327 443 1387 Cerialis
465 1347 534 1386 cum
564 1325 680 1388 delecta
711 1328 849 1408 equitum
880 1347 972 1388 manu
1000 1326 1160 1403 subvenit,
1187 1339 1273 1386 versa

244 1433 364 1494 fortuna
389 1433 567 1513 praecipites
598 1434 743 1494 Germani
771 1435 803 1492 iu
834 1453 952 1494 amnem
985 1445 1126 1515 aguntur.
1171 1431 1272 1494 Civilis

245 1537 319 1597 dum
349 1537 497 1617 fugientes
525 1547 679 1615 retentat,
716 1540 834 1618 agnitus
868 1529 1039 1619 petitusque
1066 1537 1134 1600 telis
1166 1537 1324 1598 relicturo

244 1665 322 1724 equo
348 1646 521 1704 tranatavit.
566 1643 648 1704 Idem
668 1644 793 1705 Veracis
813 1641 969 1726 effugium.
1011 1646 1157 1706 Tutorem
1187 1645 1271 1706 Clas·

243 1751 398 1832 sicumque
418 1750 564 1832 appulsae
586 1753 689 1814 lintres
701 1775 824 1818 rexere.
866 1754 988 1814 Netum
1005 1751 1271 1834 quidemRomana

155 1893 158 1905 ·
243 1857 345 1916 classis
364 1856 607 1940 pugnae-affuit,
631 1870 667 1920 ut
686 1863 800 1922 iussum
821 1872 906 1923 erat:
935 1859 988 1919 sed
1011 1859 1125 1920 obstitit
1143 1861 1272 1922 formido

243 1975 272 2025 et
294 1969 420 2049 remiges
439 1987 496 2048 per
517 1967 575 2028 alia
596 1966 720 2027 militiae
739 1970 842 2030 munia
869 1945 1005 2050 dispersi.
1048 1966 1127 2029 Sane
1147 1967 1271 2030 Cerialis

242 2093 350 2152 parum
384 2077 527 2154 temporis
558 2073 597 2132 ad
631 2073 818 2154 exsequenda
848 2071 976 2153 imperia
1007 2072 1117 2152 dabat,
1154 2077 1270 2138 subitus
1285 2075 1320 2140 15

239 2181 373 2240 consiliis
390 2181 442 2242 sed
462 2191 574 2242 eventu
595 2180 702 2247 clarus.
744 2181 856 2240 Aderat
875 2180 997 2242 fortuna
1014 2184 1104 2242 etiem
1124 2183 1177 2244 ubi
1194 2196 1271 2246 artes

242 2289 412 2351 defuissent.
456 2289 536 2350 Hinc
557 2291 613 2372 ipsi
636 2288 840 2370 exercituique
859 2289 960 2350 minor
984 2305 1057 2350 cura
1081 2285 1268 2372 disciplinae.

241 2400 283 2459 Et
303 2421 415 2480 paucos
435 2409 506 2479 post
528 2397 601 2473 dies,
626 2417 801 2479 quanquam
822 2397 991 2478 perieulum
1005 2379 1186 2478 captivitatis
1200 2421 1271 2462 era-

243 2512 347 2583 sisset,
377 2505 531 2566 infamiam
563 2525 625 2564 non
653 2505 771 2570 vitavit.
813 2493 971 2564 Profectus
1001 2505 1162 2568 Novesium
1180 2508 1270 2570 Bon·

246 2635 377 2696 namque
399 2611 437 2672 ad
460 2609 584 2670 visenda
606 2621 704 2670 castra
725 2629 803 2690 quae
823 2609 1000 2672 hiematuris
1021 2611 1189 2695 legionibus
1204 2617 1268 2678 eri.
1282 2607 1336 2690 92

243 2720 406 2798 gebautur,
437 2717 565 2778 navibus
587 2717 757 2792 remeabat,
789 2699 913 2778 disiecto
938 2723 1075 2800 agmine,
1098 2709 1270 2786 incuriosis

242 2821 360 2902 vigiliis.
401 2821 652 2882 Animadversum
672 2821 703 2880 id
724 2823 901 2900 Germanis3
934 2835 965 2884 et
991 2825 1116 2890 iusidias
1144 2851 1270 2916 compo-

242 2953 340 2994 suere.
382 2929 487 2992 Electa
506 2951 564 2990 nox
583 2941 650 3008 atra
665 2929 812 3008 nubibus3
835 2941 865 2990 et
884 2953 983 3012 prono
995 2953 1084 2998 amne
1096 2939 1268 3018 mptinullo

242 3039 420 3122 prohibente
441 3038 553 3098 vallum
574 3038 690 3102 ineunt.
731 3037 836 3098 Prima
857 3039 962 3098 caedes
983 3050 1049 3100 astu
1064 3043 1195 3106 adiutae·
1219 3049 1266 3107 in·

241 3152 308 3212 cisis
339 3148 610 3208 tabernaculorum
636 3144 754 3206 funibus
783 3147 905 3206 suismet
937 3147 1075 3206 tentoriis
1106 3134 1320 3248 coopertos'p5

241 3257 445 3319 trucidabant.
489 3252 582 3314 Aliud
596 3273 700 3332 agmen
721 3251 846 3314 turbare
864 3253 999 3332 classem,
1022 3253 1145 3317 iniicere
1156 3257 1265 3338 vincla,

242 3364 362 3424 trahere
382 3381 502 3444 puppes.
543 3357 648 3438 thue
671 3357 708 3416 ad
728 3356 892 3418 fallendum
922 3357 1057 3435 silentio,
1088 3359 1265 3446 incoepta

242 3469 350 3548 caede,
372 3491 432 3553 quo
455 3467 522 3550 plus
541 3465 667 3527 terroris
689 3463 856 3541 adderent,
878 3477 986 3527 cuncta
1008 3465 1264 3547 clamoribusmi-

239 3593 507 3610 0-——1-5—-0

327 3649 352 3699 6.
371 3643 618 3716 brigantinum,
636 3653 664 3698 et
682 3663 705 3716 7.
723 3646 855 3702 duximus.

313 3757 351 3791 ιι.
374 3742 482 3795 Veracir
497 3742 518 3792 I.
537 3739 702 3795 Gronovius:
733 3741 803 3794 BMR
832 3743 968 3795 Germani.
984 3743 1051 3794 'Mox
1072 3743 1111 3796 13.
1140 3753 1179 3807 et,
1205 3759 1262 3816 nou

241 3846 289 3896 nc,
309 3834 360 3886 Ma.
912 3839 914 3843 ’

310 3930 352 3982 25.
369 3924 508 3996 tentoriis]
525 3929 605 3983 tortis
629 3929 672 3981 Ma
704 3913 861 4000 Menapi,
889 3946 913 3980 2.
939 3943 1042 3985 ornatu
1074 3933 1190 3986 militari
1215 3932 1259 3983 ed.

241 4023 342 4090 princ:
372 4025 433 4076 libri
452 4027 546 4078 ornati
563 4026 728 4080 militariter
