2890 4728
208 510 275 602 sou,
390 588 395 598 Ι
600 501 843 566 nunninus

210 685 305 748 Alcis.
346 683 437 746 Nuiin
461 682 642 761 simulacro,
676 683 793 744 nullum
814 681 994 766 peregrinae
1021 680 1241 761 superstitionis

196 793 380 876 svestigium.
423 793 469 854 Ut
489 793 596 854 fratres
616 803 732 867 tumen,
757 801 793 850 ut
813 791 938 850 iuvenes
960 795 1159 850 venerantur.
1181 787 1242 848 Ce-

210 909 310 962 terum
333 897 398 960 Arii
418 919 511 977 super
531 899 621 974 sires,
643 893 755 976 quibus
774 901 965 954 enumeratos
988 893 1080 972 paulo
1101 903 1173 954 note
1185 915 1243 976 po-

210 1003 296 1086 pulos
315 1000 513 1072 antecedunt,
536 1010 652 1076 truces,
673 999 782 1060 insitae
800 997 918 1058 feritati
949 1007 1014 1058 arte
1039 1017 1076 1059 uc
1104 1007 1243 1080 tempore

166 1166 170 1178 ,
210 1111 430 1176 lenocinantur.
471 1109 566 1190 Nigre'
583 1117 677 1182 scuto,
699 1106 795 1168 tinctu
811 1093 946 1186 corpore.
990 1108 1079 1165 Atros
1099 1104 1274 1186 cedmae-5

211 1217 251 1278 lie
273 1228 375 1278 noctes
400 1216 521 1297 tegunt,
559 1215 683 1296 ipseque
704 1211 868 1274 formidine
886 1220 980 1292 utque
999 1211 1108 1272 umbro
1137 1211 1243 1274 ferulis

213 1325 358 1386 exercitus
369 1333 517 1389 terrorem
528 1321 676 1397 inferunt,
697 1317 781 1382 nulio
797 1318 929 1380 hostiurn
943 1317 1110 1382 sustinente
1125 1339 1243 1380 novum

213 1451 249 1490 nc
270 1430 354 1490 velut
371 1429 526 1490 infernum
549 1437 720 1508 aspectum:
745 1447 815 1488 nom
835 1427 927 1509 primi
947 1405 978 1488 in
995 1427 1136 1490 omnibus
1150 1445 1241 1508 prue-

212 1537 262 1600 liis
279 1535 359 1598 oculi
381 1537 555 1598 vincuntur.

241 1669 243 1676 ¹
294 1637 394 1705 T'rans
418 1643 528 1726 Lygios
553 1643 686 1703 Gotones
706 1653 888 1724 regnantur,
921 1640 1014 1726 paulo
1033 1641 1095 1702 iam
1124 1637 1239 1701 idduc·
1256 1659 1295 1700 ro

211 1752 272 1812 tius
303 1770 395 1830 quum
426 1759 543 1810 ceterae
565 1751 794 1810 Germanorum
825 1758 948 1832 gentes,
979 1750 1116 1810 nondum
1142 1760 1243 1812 temen

213 1877 307 1937 supro
329 1854 512 1916 libertatem.
553 1853 702 1914 Protinus
737 1853 849 1915 deiude
880 1852 919 1914 ub
944 1853 1066 1913 Oceano
1090 1851 1182 1934 Rugii
1214 1863 1247 1913 et

214 1962 369 2040 Lemovii3
390 1963 585 2042 omniumque
598 1957 708 2023 herum
722 1964 857 2044 gentium
870 1961 985 2042 insigne
1004 1958 1136 2021 rotundo
1146 1969 1244 2036 scuto,

215 2071 323 2132 breves
342 2066 455 2150 gladii,
477 2077 508 2128 et
529 2087 602 2147 ergo
623 2087 708 2148 reges
729 2068 919 2152 obsequium.

296 2173 446 2236 Suionum
466 2171 538 2234 hinc
561 2171 711 2252 civitates,
732 2173 800 2255 ipso
821 2175 852 2234 in
864 2173 1003 2246 Oceano,
1025 2182 1146 2254 praeter
1160 2156 1313 2240 ciconii

218 2303 360 2364 armaque
380 2280 525 2344 classibus
548 2281 663 2344 velent.
705 2281 820 2344 Fortun
840 2281 964 2344 nuvium
984 2300 1020 2340 co
1038 2279 1144 2341 differt·
1165 2281 1248 2363 quod

217 2395 359 2472 utrinque
389 2411 484 2472 prore
509 2386 646 2470 puratum
678 2409 796 2470 semper
828 2386 971 2471 appulsui
1002 2386 1136 2448 frontem
1173 2387 1246 2469 agit.

218 2501 280 2561 Nec
299 2495 376 2558 reiis
396 2496 590 2570 ministrant,
613 2517 669 2557 nee
689 2516 787 2556 remos
811 2495 842 2555 in
864 2494 1003 2556 ordinem
1026 2491 1172 2556 lateribus
1192 2493 1248 2556 ud⁴

219 2605 368 2686 iunguutr
390 2603 542 2681 solutum,
563 2605 650 2665 utin
672 2603 855 2686 quibusdem
873 2601 1054 2683 fluminum,
1087 2613 1120 2664 et
1148 2613 1250 2664 mutu.

220 2707 300 2783 bite,
333 2717 436 2768 utres
458 2711 574 2791 poscit,
605 2709 675 2770 hinc
695 2707 745 2770 vel
766 2707 849 2770 illinc
878 2709 1050 2793 remigium.
1092 2709 1149 2772 Est
1169 2707 1303 2792 upuduo
1439 2779 1440 2796 χ

222 2815 290 2876 illos
309 2823 339 2875 et
360 2815 467 2896 opibus
487 2817 604 2898 honos,
637 2838 734 2902 eoque
763 2814 1033 2904 uuus‘imperitut,
1066 2815 1158 2881 nullis
1190 2817 1253 2878 iam

222 2920 469 3006 exceptionibus,
494 2946 554 2986 non
576 2927 716 3008 precerio,
734 2924 802 2986 iure
820 2927 960 3009 penendi.
1003 2927 1068 2991 Nec
1091 2945 1192 3002 armo,
1218 2933 1255 2984 ut

223 3027 304 3109 opud
325 3038 446 3096 ceteros
469 3029 658 3106 Germanos,
691 3031 722 3095 iu
753 3033 943 3113 promiscuo,
976 3032 1032 3096 sed
1059 3033 1159 3094 clause
1195 3029 1254 3092 sub

223 3133 367 3210 custode,
390 3146 422 3197 et
439 3117 569 3220 q'uidem‘
582 3157 693 3215 servo,
714 3138 786 3222 quin
814 3140 932 3201 subitos
952 3138 1085 3202 hostium
1102 3141 1253 3204 'incursus

226 3242 373 3323 prohibet
392 3245 555 3324 Oceanus,
578 3246 692 3308 otiosae
714 3265 809 3328 porro
831 3255 1016 3308 armatorum
1037 3265 1144 3308 manus
1165 3243 1302 3316 fucile25

223 3343 397 3423 lusoiriunt.
438 3353 604 3414 Enimvero
625 3374 723 3436 neque
744 3353 880 3417 nobilem
899 3373 996 3438 neque
1016 3355 1194 3438 ingenuum,
1214 3371 1253 3413 ue

146 3480 150 3493 Ι
224 3453 403 3518 libertinum
424 3457 547 3538 quidem
567 3458 658 3518 armis
678 3480 862 3552 praeponere
883 3463 963 3544 regia
983 3458 1097 3521 utilitas
1122 3469 1175 3521 est.

302 3563 406 3624 Trans
427 3564 557 3625 Suiones
578 3563 660 3626 uliud
680 3586 773 3644 mare,
794 3566 917 3650 pigrum
931 3589 966 3630 uc
977 3589 1071 3652 prope
1084 3560 1319 3647 immotum,ss5

225 3689 287 3751 qno
303 3670 385 3752 cingi
405 3670 549 3754 studique
567 3681 723 3740 terrarum
746 3674 853 3738 orbem
875 3675 947 3740 hine
969 3675 1063 3759 tides,
1098 3673 1182 3759 quod
1202 3694 1254 3744 ex,-

227 3821 464 3844 nun-§nuum

298 3874 336 3928 15.
356 3877 519 3948 ipeolipsue
539 3882 564 3932 H
582 3879 699 3935 etalii·
892 3765 1219 4132 §iivipgwifflixvzgi

297 3974 338 4028 18
355 3972 516 4025 ministrant
537 3971 658 4040 Lipsius·
676 3970 782 4024 codices
801 3973 895 4028 minist
930 3985 996 4031 ntur

293 4061 337 4115 πᾶ.
355 4065 461 4118 otiosas
479 4063 603 4134 Lipsius.
624 4063 731 4116 codices
745 4063 844 4124 otiosa
