2890 4728
97 369 142 440 .’
204 381 267 450 ast
521 373 885 470 ‘ueoaaroamus
957 448 959 453 ,
1026 367 1042 388 ‘

202 581 317 637 sumus,
339 571 390 620 aut
411 557 449 618 de
470 557 605 632 iudiciis,
627 559 652 618 si
675 541 827 634 nolumus,
850 557 900 616 vix
922 552 1053 614 Hercule
1073 551 1230 626 auderem,

204 669 229 727 si
252 665 325 724 mibi
346 685 413 724 mea
433 666 581 724 sententia
601 663 783 744 proferenda
804 685 838 722 ac
857 682 918 722 oon
952 659 1228 728 disertissimorum,

128 815 129 818 ,
204 781 238 830 ut
259 771 367 830 nostris
387 768 590 850 temporibus,
628 769 785 828 hominum
807 788 904 828 sermo
931 766 1116 847 repetendos
1143 777 1229 840 esset,

150 931 155 938 s
203 873 280 960 quos
300 877 425 937 eandem
444 876 526 936 -hano
547 878 750 956 quaestionem
769 884 991 957 pertractantes
1021 874 1145 959 'iuvenis
1174 873 1230 934 ad·

150 1023 154 1030 -
203 985 329 1044 modum
350 984 462 1044 audivi.
503 985 549 1043 lta
569 1005 629 1044 noo
652 984 771 1065 ingenio
795 982 847 1044 sed
867 983 1013 1042 memoria
1035 993 1065 1042 et
1085 982 1262 1064 recorda-5

203 1095 284 1152 tione
305 1113 380 1171 opus
401 1101 462 1166 est,
487 1101 521 1150 ut
542 1111 620 1172 quae
641 1111 659 1150 a
683 1088 944 1171 praestantissimis
967 1091 1041 1148 viris
1063 1101 1092 1153 et
1113 1090 1229 1170 excogi-

203 1210 264 1259 tata
284 1177 435 1258 subtiliter
453 1209 483 1258 et
503 1198 585 1270 dicta
605 1201 738 1280 graviter
758 1199 881 1279 accepi,
907 1216 977 1265 cnm
997 1195 1107 1278 singuli
1129 1196 1230 1257 diver-

128 1363 130 1370 ,
202 1325 249 1366 sas
271 1301 335 1388 [vel
356 1301 485 1385 easdem]
505 1304 558 1366 sed
578 1303 750 1385 probabiles
771 1325 876 1364 causas
897 1303 1055 1380 afferrent,
1077 1303 1150 1364 dum
1168 1304 1230 1365 for-

202 1431 283 1470 mam
305 1412 351 1469 sui
372 1410 501 1490 quisque
521 1421 551 1470 et
568 1411 660 1470 animi
680 1421 709 1470 et
731 1408 842 1492 ingenii
860 1411 1011 1488 redderet,
1032 1409 1127 1470 isdem
1151 1428 1231 1470 nnnc

203 1517 336 1578 numeris
370 1515 525 1597 isdemque
553 1517 721 1576 rationibus
749 1538 939 1599 persequar,
973 1529 1093 1579 servato
1125 1517 1284 1580 ordinero

115 1653 128 1664 ⁷*
202 1623 422 1706 disputationis.
476 1621 585 1704 Neque
615 1623 694 1712 enim
727 1621 835 1688 ilelult,
850 1627 903 1706 qui
934 1624 1084 1684 diversam
1112 1643 1232 1704 qnoque

202 1740 319 1812 partem
341 1731 538 1808 susciperet,·
556 1750 591 1788 ac
623 1732 750 1789 multum
773 1741 878 1790 vexata
909 1740 940 1790 et
968 1733 1055 1790 irrisa
1086 1740 1240 1793 vetustate

202 1846 378 1898 nostrorum
401 1845 570 1918 temporum
592 1835 795 1918 eloquentiam
816 1838 1015 1920 antiquorum
1036 1839 1162 1921 ingeniis
1177 1860 1234 1898 au·

203 1939 337 2004 teserret.
378 1941 457 2002 Nam
477 1955 599 2022 postero
633 1944 802 2036 diexquam
825 1946 975 2016 Curiatius
997 1949 1149 2006 Maternus
1172 1937 1269 2018 Car-2

200 2039 308 2110 ionem
322 2049 526 2126 recitaverat,
547 2071 617 2111 cum
637 2033 797 2113 offendisse
818 2055 986 2134 potentium
1009 2051 1126 2132 animos
1147 2051 1283 2116 dice-15

205 2169 306 2234 retur,
338 2165 483 2240 tanquam
513 2157 543 2215 in
579 2178 614 2218 eo
637 2159 811 2240 tragoediae
833 2169 1014 2240 argumento
1046 2159 1094 2220 sui
1123 2155 1234 2220 oblitus

205 2273 322 2324 tantum
347 2263 492 2324 Catonem
513 2261 689 2345 cogitasset,
724 2287 819 2348 eaque
841 2266 931 2326 dere
951 2287 1008 2348 per
1036 2265 1142 2326 urbem
1172 2261 1230 2324 fre-

207 2393 301 2452 quens
324 2391 424 2434 sermo
447 2358 635 2453 haberetur,
665 2383 815 2434 venerunt
847 2373 886 2436 ad
918 2395 987 2434 eum
1011 2375 1131 2448 Marcus
1154 2373 1238 2455 Aper

183 2227 199 2260 N

210 2511 482 2520 “um-«—

286 2577 309 2628 7.
327 2555 397 2629 cum]
416 2555 438 2608 F
457 2577 554 2626 quom,
570 2565 603 2609 ut
621 2561 738 2627 saepius.
772 2559 845 2612 idem
869 2577 906 2612 ιο.
922 2578 1083 2634 prosequcr.
1167 2563 1170 2567 ”

291 2658 316 2708 8.
336 2657 383 2706 vet
398 2651 515 2725 eaedem]
537 2653 630 2722 Lipsio
641 2654 707 2706 baec
717 2637 800 2708 verba
811 2669 951 2722 superesse
959 2654 1079 2708 censenti
1093 2655 1236 2706 assentior.

136 2754 147 2766 “
209 2749 320 2800 Tacitus
337 2749 457 2802 enimin
478 2747 651 2800 iustissimam
670 2749 910 2820 reprehensionem
937 2751 1104 2812 incurreret,
1128 2749 1151 2800 si
1176 2763 1246 2816 per-·

210 2855 289 2890 sonas
309 2856 370 2890 suas
391 2839 498 2890 easdem
517 2856 608 2890 causas
627 2844 768 2892 afferentes
788 2840 953 2906 induxisset,
986 2825 1156 2913 eandemque
1178 2858 1238 2895 sem

211 2936 255 2986 bie
278 2934 319 2984 rel
336 2941 378 2985 ter
393 2935 572 3002 exposuisset.
606 2935 685 2986 Nihil
703 2937 898 3005 telelegimus
931 2939 960 2988 in
987 2937 1163 3009 sermonibus
1189 2940 1236 3006 qut

185 3031 199 3048 “
211 3041 377 3098 supersunt,
394 3047 446 3087 uec
461 3030 551 3082 Taciti
570 3048 611 3083 ars
629 3031 766 3094 admittit,
789 3039 821 3082 ut
840 3035 869 3084 in
889 3033 1033 3102 deperdita
1050 3036 1142 3104 operis
1161 3041 1238 3102 parte
1305 3055 1308 3061 ·
1351 3045 1358 3058 ⁴

214 3127 321 3177 medem
350 3134 491 3196 corruptae
518 3127 691 3198 eloquentiae
721 3145 812 3179 caueae
842 3130 978 3198 expositae
1006 3143 1067 3180 esse
1093 3129 1240 3190 emdsmus,

215 3239 275 3272 cum
296 3223 453 3288 praesertim
472 3237 526 3274 una
551 3222 738 3274 tantummodo
760 3224 856 3274 lacuna
886 3223 953 3290 (noo
978 3221 1078 3294 loquor
1103 3224 1138 3276 ds
1162 3219 1239 3278 hieto

215 3333 362 3386 paucorum
380 3315 596 3380 vocabulorum),
617 3331 702 3386 eaque
719 3332 775 3366 uon
793 3331 947 3386 permagna,
964 3317 994 3370 in
1014 3317 1087 3372 bunc
1105 3319 1240 3392 dialogum

217 3414 353 3463 invaserit.
391 3411 468 3462 Cous.
502 3418 565 3462 nota
591 3411 625 3464 ad
649 3429 672 3468 c.
690 3412 722 3464 35
741 3418 768 3463 et
786 3413 826 3480 lo.
862 3413 1018 3476 Praeterea,
1043 3413 1067 3465 si
1090 3411 1242 3464 tolerantur

218 3506 300 3556 verbe
316 3507 363 3558 vel
381 3505 501 3566 eosdem,
533 3506 600 3554 mire
617 3504 765 3555 succedunt
783 3503 832 3557 sed
848 3505 1020 3576 probabiles:
1045 3521 1109 3560 nam
1134 3505 1241 3558 easdem

219 3593 334 3649 alienius
365 3601 405 3649 rei
430 3613 519 3649 causae
548 3613 606 3651 esse
624 3597 799 3668 probabiles,
823 3597 853 3649 id
874 3607 930 3650 tana
957 3598 1100 3668 probabile
1125 3605 1184 3662 est,
1211 3608 1244 3651 ut
1298 3627 1301 3634 ·

218 3691 353 3760 particula
372 3689 422 3744 sed
436 3704 596 3760 magnopere
616 3692 744 3746 offendat.
778 3688 929 3761 adscripsit
944 3695 991 3746 uel
1007 3691 1114 3750 eaedem
1137 3695 1185 3764 qni
1213 3691 1243 3742 ln

219 3785 273 3838 boe
290 3801 373 3853 opere
392 3786 498 3836 easdam
516 3801 642 3840 nausees
659 3787 781 3856 personis
801 3787 898 3840 allatas
918 3789 1054 3842 iuvenisse
1079 3799 1109 3840 se
1135 3793 1245 3858 putaret

220 3878 339 3950 ideoque
356 3881 512 3946 scriptorem
534 3881 720 3950 corrigendum
739 3881 896 3950 susciperet,
1059 3870 1062 3874 ’

294 3975 334 4037 18,
351 3973 372 4023 F
390 3972 512 4025 liabetur.
590 4032 597 4039 ἱ
689 4009 692 4016 -
752 3977 755 3980 ’
