2914 4724
219 457 261 524 il
598 457 881 518 tttssomaatn

61 641 87 691 {a
110 637 143 695 c.
153 640 209 710 dn)
223 639 316 698 aienti
340 641 427 698 silli-r
449 639 513 698 suit.
557 638 649 696 lulius
668 639 777 698 deiude
798 638 901 698 Ciuilis
923 639 1057 717 periano
1083 645 1246 715 exemptus,
1259 626 1312 705 59

220 763 393 828 prsiepnten
419 749 502 804 inter
524 747 659 816 Ituraeos,
679 769 717 804 ne
730 745 880 826 supplicio
895 749 958 804 eins
978 746 1066 805 serm
1085 767 1157 822 geas
1176 745 1251 802 alie-

221 865 357 918 naretur,
399 853 439 912 Bt
465 863 553 912 erant
582 855 613 911 in
635 857 760 914 civitate
780 855 954 933 Lingonum
973 868 1045 911 ncta
1066 855 1251 911 Rumina-nm

157 960 161 969 ’
220 963 370 1036 cobortes,
389 973 516 1042 quartae
534 963 678 1022 decumae
699 961 825 1042 legionis
855 961 977 1033 auxilia,
1010 973 1077 1019 tum
1097 959 1250 1018 nis-cordia

223 1079 390 1150 temporum
419 1088 436 1127 a
464 1067 580 1150 legione
600 1067 762 1148 digressae,
792 1079 885 1146 prout
914 1068 1117 1140 inclinassent,
1137 1055 1280 1146 grande5

222 1187 410 1238 momentum
432 1179 529 1236 romae
549 1186 604 1236 aut
623 1175 776 1242 adversae.
820 1176 967 1252 Nonium,
986 1175 1165 1244 Danastium,
1185 1174 1251 1230 Ro-

224 1283 350 1358 milium,
373 1283 571 1366 Calpurnium
593 1285 801 1354 centuriones,
827 1283 866 1342 de
888 1283 1000 1362 quibus
1018 1302 1112 1362 supra
1133 1281 1253 1338 rettuli·

224 1409 301 1462 mus,
322 1391 415 1450 occidi
439 1389 537 1462 iussit,
567 1386 724 1446 damnatos
745 1387 815 1451 fidei
837 1388 975 1460 erimine,
1008 1390 1183 1468 gravissimo
1206 1388 1254 1445 in-

222 1509 272 1556 ter
301 1493 510 1557 desciscentes.
566 1496 729 1555 Accessere
759 1495 898 1574 partibus
928 1492 1068 1555 Valerius
1103 1496 1254 1554 Asiaticus

225 1603 361 1686 Belgicae
393 1601 568 1682 provinciae
590 1600 716 1684 legatus,
743 1624 835 1684 quem
857 1623 925 1661 mox
947 1601 1087 1662 Vitellius
1107 1624 1252 1684 generum
1268 1613 1303 1650 ¹⁰

225 1709 376 1784 adscivit,
409 1717 442 1768 et
474 1708 578 1770 lunius
604 1709 726 1770 Blaesus
755 1710 967 1792 Lugdunensis
999 1705 1116 1769 Galliae
1142 1727 1252 1786 rector,

224 1813 292 1876 cnm
314 1813 417 1877 italica
448 1813 567 1898 legione
592 1827 625 1878 et
655 1817 704 1878 ala
725 1817 861 1878 Taurica
888 1815 1032 1899 Lugduni
1050 1819 1253 1880 tendentibus.

224 1924 288 1986 Nec
316 1929 348 1985 in
368 1924 501 1986 Raeticis
527 1925 623 2006 copiis
642 1947 740 2000 mora,
765 1946 828 2007 quo
857 1925 959 1986 minus
987 1925 1088 1984 statim
1109 1929 1254 2010 adiunge·

225 2045 343 2098 rentur.
403 2035 448 2098 Ne
475 2038 507 2096 iu
536 2035 692 2096 Britannia
719 2034 842 2115 quidem
879 2033 1061 2094 dubitatum.
1108 2035 1250 2097 Praeerat
1263 2020 1319 2096 60

224 2145 394 2206 Trebellius
421 2145 577 2221 Maximus,
605 2166 663 2226 per
684 2145 845 2206 avaritiam
878 2166 913 2204 ac
933 2145 1035 2204 sordes
1060 2145 1302 2226 contemptustb

225 2251 366 2314 exercitui
387 2253 572 2334 invisusque.
616 2252 806 2312 accendebat
826 2251 931 2312 odium
951 2255 1016 2313 eius
1031 2253 1157 2314 Roscius
1176 2255 1254 2316 Cae·

225 2363 282 2424 lius
305 2362 420 2444 legatus
440 2363 595 2422 vicesimae
618 2359 756 2442 legionis,
777 2360 850 2420 olim
871 2361 997 2437 discors,
1019 2361 1075 2422 sed
1095 2365 1255 2424 occasione

225 2465 358 2528 civilium
378 2487 538 2526 armorum
558 2469 693 2527 atrocius
714 2478 906 2548 proruperat.
947 2466 1121 2530 Trebellius
1131 2472 1255 2532 seditio·

227 2595 294 2636 nem
328 2584 357 2634 et
381 2575 539 2634 confusum
564 2577 700 2634 ordinem
728 2575 907 2658 discipliuae
928 2575 1045 2654 Caelio,
1066 2578 1205 2657 spoliatas
1224 2591 1254 2639 et

232 2689 334 2765 inopes
356 2683 485 2766 legiones
507 2681 627 2744 Caelius
647 2683 802 2744 Trebellio
820 2683 1008 2761 obiectabut,
1041 2707 1110 2776 cum
1132 2689 1250 2749 interim
1264 2691 1305 2731 ²⁰

227 2791 325 2852 foedis
345 2787 513 2872 legatorum
534 2791 747 2852 certaminibus
766 2792 915 2852 modestia
939 2794 1086 2854 exercitus
1107 2809 1253 2878 corrupta

228 2919 326 2982 coque
348 2898 515 2962 discordiae
537 2909 678 2974 ventum,
708 2912 743 2962 ut
764 2902 954 2962 auxiliarium
981 2924 1103 2984 quoqne
1124 2902 1253 2962 militum

227 3011 369 3072 conviciis
390 3011 588 3090 proturbatus
610 3019 640 3070 et
650 3011 884 3092 adgregantibus
905 3033 937 3072 se
958 3010 1060 3071 Caelio
1080 3011 1255 3070 cohortibus

228 3113 342 3195 alitque
365 3113 498 3174 desertus
521 3113 689 3175 Trebellius
712 3116 750 3176 ad
773 3117 929 3176 Vitellium
951 3116 1130 3196 perfugerit.
1160 3118 1253 3192 Quies

231 3223 408 3302 provinciae
428 3243 599 3303 quampiam
623 3233 740 3283 retnoto
759 3225 911 3284 consulari
931 3199 1061 3284 mansit:
1086 3243 1191 3283 rexere
1207 3209 1303 3283 lest5

229 3329 288 3407 puli
313 3327 479 3406 legionum,
503 3351 587 3402 pitres
610 3334 686 3406 inre,
709 3331 828 3392 Caelius
850 3332 991 3392 audendo
1011 3331 1173 3410 potentior.

311 3437 463 3497 Adiuncto
500 3439 669 3500 ttrimnntco
701 3443 834 3502 exercitu
854 3442 957 3521 ingens
990 3437 1103 3498 viribus
1130 3415 1313 3516 opibus-bl

229 3567 289 3624 epte
312 3545 450 3606 Vitellius
472 3545 546 3604 tlttns
568 3546 670 3622 duces,
689 3547 750 3607 duo
768 3549 874 3607 itinera
897 3545 976 3606 bello
1000 3544 1169 3603 destinavit.
1193 3539 1253 3604 Fu·
1439 3577 1440 3608 i

230 3651 297 3712 titus
327 3647 439 3712 Valens
462 3651 591 3712 adlicere
620 3654 676 3729 vel,
698 3657 722 3714 si
744 3654 921 3729 abnuerent,
949 3662 1065 3711 vastare
1085 3647 1194 3708 Gallias
1224 3659 1254 3706 et

232 3751 378 3816 Cottianis
425 3757 547 3842 lllpiltus
578 3761 694 3824 ltaliam
725 3762 917 3841 irrumpere,
951 3759 1078 3820 Caecina
1106 3749 1302 3837 propiore50

229 3861 357 3924 tntsssitn
390 3861 509 3928 l’eniuis
540 3869 616 3950 iugis
645 3866 768 3948 degredi
798 3868 901 3928 iussus.
950 3867 1074 3928 Valenti
1105 3863 1253 3924 inferioris

308 4035 343 4072 t‘a
365 4025 509 4079 'litttriuna
528 4025 578 4078 Μ’.
596 4027 669 4076 Idem
688 4043 723 4093 ¹7·
737 4027 916 4088 vicensimae,
931 4031 962 4078 ut
979 4026 1058 4077 solet.

306 4135 346 4178 at.
356 4119 460 4192 faedus
478 4121 539 4186 Ma,
554 4131 582 4174 et
602 4124 641 4174 δι.
658 4118 792 4186 paeana.-
810 4119 923 4170 Pcnt'nis
940 4117 1057 4187 Lipsius.
