2912 4730
524 431 597 490 urs.
621 429 661 490 u.
700 427 953 520 canu-14.
988 468 993 479 .
1213 425 1253 488 u

214 621 337 674 vastare
360 627 481 692 repere,
502 629 539 672 eo
562 607 692 674 atrocius
720 608 802 692 qnod
830 605 908 668 nihil
940 619 1069 686 nsquam
1100 601 1253 685 prouisum
1268 607 1295 675 (a
1319 603 1418 675 069.)

216 720 381 782 adversum
405 729 510 782 metus.
550 717 639 780 Pleni
660 721 743 800 agri,
773 725 896 800 apertae
919 715 1036 778 domus.
1080 713 1254 774 Occursan-

217 838 261 889 tes
282 828 400 890 domini
411 830 495 890 iuxta
514 827 655 909 coniuges
675 837 706 890 et
718 825 834 888 liberos
855 824 1016 886 securitate
1026 823 1111 904 pacis
1130 829 1163 882 et
1182 819 1256 880 belli

217 935 298 998 malo
333 936 665 1000 circumveniebantur.
691 911 889 995 'Maritimae
913 941 979 994 tum
1008 929 1105 1013 Alpes
1133 927 1257 990 tenebat

187 1043 396 1132 Sprocurator
417 1044 536 1104 Marius
557 1044 708 1106 Maturus.
752 1039 920 1102 inconcus
947 1048 1035 1120 geute
1068 1042 1136 1113 (nec
1171 1033 1256 1096 deest

216 1149 370 1225 iuventus)
391 1171 498 1212 arcere
512 1149 694 1230 provinciae
710 1147 819 1210 linibus
831 1145 1020 1208 Othonianos
1032 1141 1173 1209 intendit.
1195 1142 1256 1204 Sed
1349 1183 1354 1192 -

218 1253 322 1334 primo
335 1257 458 1338 ¹impetu
480 1257 559 1318 caesi
580 1255 757 1338 disiectique
777 1252 935 1326 muntani,
960 1262 996 1313 ut
1018 1249 1128 1332 quibus
1141 1257 1255 1310 temere

220 1357 373 1438 collectis,
401 1381 463 1422 nou
488 1371 586 1422 castra
604 1381 666 1422 non
689 1359 797 1420 ducem
827 1357 1061 1431 noscitantibus,
1092 1375 1193 1439 neque
1223 1357 1256 1416 in
1363 1363 1365 1380 ¹

157 1439 346 1528 lssvictoria
368 1465 461 1526 decus
481 1475 556 1526 esset
575 1486 676 1548 neque
698 1466 729 1526 in
750 1465 820 1546 suga
841 1461 1001 1545 flagitium.
1044 1460 1185 1524 lrritatus
1218 1481 1254 1524 eo

173 1570 334 1654 ropraelio
350 1561 487 1635 ¹Othonis
510 1573 600 1638 miles
629 1578 725 1638 vertit
754 1575 815 1636 iras
841 1577 874 1636 in
901 1573 1104 1655 municipium
1127 1566 1256 1630 Albium

217 1681 421 1743 intemelium.
462 1683 586 1766 Quippe
607 1686 639 1744 in
662 1687 725 1746 acie
743 1683 821 1748 nihil
843 1681 989 1766 praedae,
1009 1684 1114 1765 inopes
1124 1687 1258 1762 agrestes

115 1835 117 1840 s
218 1797 249 1848 et
270 1785 341 1848 vilia
362 1809 471 1868 arma3
496 1809 551 1850 nec
573 1787 641 1870 capi
665 1797 829 1870 poterant,
850 1789 957 1870 pernix
978 1807 1071 1870 genus
1105 1797 1136 1848 et
1168 1787 1258 1878 gnari

217 1889 370 1956 locorum.
424 1893 742 1996 Sed,palamimtibus
771 1897 940 1961 ineuntium
970 1891 1087 1976 expleta
1119 1893 1258 1958 eteritis.

219 1999 309 2060 Auxit
330 1999 479 2062 invidiam
500 2003 662 2084 praeclaro
684 2005 823 2088 exemplo
844 2003 956 2066 femina
977 2004 1082 2086 Ligus,
1102 1998 1257 2084 quscfilio

175 2089 347 2179 tiabdito,
369 2125 438 2166 cum
460 2105 551 2166 simul
569 2114 727 2190 pecuniam
751 2108 904 2172 occultari
934 2107 1042 2168 milites
1064 2104 1261 2171 credidissent

222 2232 318 2292 eoque
334 2233 391 2294 per
409 2213 564 2274 cruciatus
582 2218 809 2299 interrogarent
830 2217 884 2276 ubi
904 2217 1000 2276 filium
1022 2213 1184 2292 occuleret,
1193 2224 1260 2277 ute-

223 2341 291 2382 rum
304 2319 478 2408 ‘ostendens
499 2317 593 2382 latere
616 2325 782 2403 respondit,
804 2345 858 2397 nec
880 2321 951 2384 ullis
971 2319 1259 2384 deindeterruribus

134 2411 277 2495 *lltaut
299 2435 400 2488 morte
422 2425 627 2488 constantiam
649 2427 731 2488 vocis
753 2427 1050 2509 egregiae'mutsvit.
1092 2429 1259 2494 Imminere

224 2535 398 2616 provinciae
417 2517 615 2610 ¹Narbonensi
646 2535 677 2596 in
707 2535 800 2596 vcrba
831 2533 946 2598 Vitellii
981 2534 1106 2600 adactae
1136 2535 1260 2600 classem

177 2653 216 2693 20
226 2639 352 2702 Othonis
373 2639 488 2722 trepidi
509 2642 607 2702 nuntii
628 2639 726 2702 Fabio
748 2639 871 2700 Valenti
891 2640 1028 2706 attulere.
1070 2643 1208 2708 Aderant
1218 2642 1261 2706 le·

225 2750 287 2831 gati
307 2748 496 2810 coloniarum
517 2747 660 2810 auxilium
672 2758 804 2810 orantes.
845 2747 931 2811 Duas
943 2748 1139 2832 Tungrorum
1151 2751 1261 2814 cohor·
1317 2769 1326 2798 ,v

226 2865 282 2931 tes,
304 2864 451 2934 quattuor
466 2853 604 2936 equitum
624 2867 754 2932 turmas,
778 2857 950 2934 universam
961 2856 1167 2922 Treverorum
1181 2859 1260 2920 elam

227 2971 297 3019 cum
314 2956 392 3018 lulio
413 2955 547 3020 Classico
566 2957 723 3041 praefecto
747 2961 848 3038 misit3
872 2963 1018 3044 equibus
1054 2986 1123 3045 pers
1154 2967 1186 3028 iu
1206 2987 1260 3027 co-

190 3130 194 3138 ,
227 3068 310 3130 lunia
334 3064 541 3130 Foroiuliensi
562 3077 704 3147 retenta,
725 3091 764 3130 ne
784 3068 926 3131 omnibns
947 3071 1043 3154 copiis
1064 3075 1096 3132 in
1117 3083 1261 3144 terrestre

149 3190 153 3199 ¹
177 3173 290 3238 25iter
306 3180 402 3240 versis
423 3199 518 3240 vacuo
539 3176 619 3238 mari
637 3176 739 3238 classis
750 3175 941 3240 acceleraret.
985 3179 1152 3240 Duodecim
1174 3183 1262 3262 equi-

167 3273 184 3324 ¹,
203 3351 208 3362 ,
227 3294 293 3346 turn
315 3296 434 3346 turmae
455 3289 486 3345 'et
506 3283 575 3344 lecti
604 3283 820 3346 ecolrortibus
848 3285 993 3347 aduersus
1022 3285 1139 3350 hostem
1175 3283 1259 3364 iere3

228 3393 340 3476 quibus
363 3394 505 3454 adiuncta
524 3392 674 3474 Ligurum
697 3392 822 3472 colrors,
844 3403 931 3456 vetus
952 3391 1011 3455 loci
1033 3389 1195 3471 auxilium,
1231 3403 1261 3452 et

230 3487 390 3584 quingenti
412 3497 562 3558 Pannonii
583 3495 721 3558 nondum
740 3497 798 3560 sub
816 3497 918 3582 siguis.
960 3494 1025 3556 Nec
1046 3515 1133 3560 mora
1171 3519 1261 3584 prae-

234 3619 529 3654 v-·—-—-'—-·-·—-·

302 3770 341 3806 ιο.
358 3753 466 3808 Albium
483 3753 652 3808 lrrtemelium
671 3754 795 3822 Lipsius:
814 3753 858 3804 Ma
875 3749 989 3805 attinio·
1006 3711 1132 3812 millltlnm.

303 3866 341 3918 ¹9·
359 3849 519 3903 uuducntem
537 3869 551 3903 e
571 3841 681 3906 classem
699 3851 755 3912 lta,
774 3860 801 3904 ct
819 3865 859 3902 22.
881 3849 1009 3903 universa
1037 3850 1105 3905 mire
1128 3849 1260 3901 virorum.

300 3947 341 3995 28.
363 3947 526 4016 Quirrgentis
543 3937 646 4010 Magea
669 3964 696 4017 p.
716 3933 760 4014 76⁸,
785 3963 805 3999 ι.
828 3943 956 4016 paginis,
985 3962 1042 3998 non
1065 3942 1201 4015 paganis,
1220 3945 1262 4012 ¹ut

158 4095 165 4101 ,
232 4055 252 4089 c.
278 4045 313 4095 16.
331 4041 522 4112 imperatorum
538 4059 588 4113 pru
609 4043 794 4112 imperitorum
814 4047 841 4094 et
858 4040 1014 4112 picarium,
1032 4052 1087 4092 non
1106 4035 1260 4090 Pacarium.
