2914 4724
31 435 33 524 ,¹
572 451 578 460 ·
612 413 899 480 Htstotttttttttt
942 455 946 462 -

82 569 111 672 la
127 601 157 655 c.
173 604 230 673 69)
243 597 369 660 Galbam
405 597 699 676 colrortisfldtilium
710 563 923 680 *Vergilionem
943 598 1035 660 fuisse·
1054 595 1190 672 ttodunt)
1208 595 1266 656 de·

239 715 356 787 raptam
380 705 495 767 Galbae
515 706 675 785 imaginem
693 704 759 766 solo
781 705 893 766 afflixit.
932 706 979 765 Eo
999 705 1086 786 cigno
1109 703 1265 766 manifecte

237 813 268 872 in
292 813 447 872 Othonem
475 812 610 872 omnium
639 813 768 872 militum
795 812 906 884 studia,
933 811 1085 872 desertum
1112 809 1183 891 loga
1208 833 1265 892 po-

236 919 300 1002 puli
323 920 430 997 lorum,
452 919 592 980 destricta
612 919 754 980 adversor
776 918 949 980 dubitantes
969 917 1039 980 tela.
1062 919 1146 976 turra
1165 919 1264 980 Curtii

236 1025 338 1086 lacum
366 1025 585 1107 trepidatione·
612 1027 775 1088 ferentium
812 1009 911 1088 Gelbit
947 1025 1105 1108 proiectus
1139 1045 1157 1086 e
1190 1009 1293 1088 rottei

46 1121 50 1125 ’
119 1143 129 1149 “
235 1151 270 1193 ac
290 1133 470 1214 provolutus
492 1147 546 1204 est.
566 1136 742 1197 Extremam
763 1139 827 1196 eius
849 1152 964 1208 vocem,
985 1144 1020 1193 nt
1040 1134 1149 1214 coique
1157 1133 1263 1194 odium

236 1249 289 1300 aut
322 1240 482 1302 admiratio
517 1243 583 1316 suit,
604 1243 686 1302 varie
708 1241 886 1323 prodidere.
933 1238 997 1301 Alii
1018 1239 1195 1322 suppliciter
1214 1242 1263 1300 in·

233 1354 411 1436 terrogaese,
445 1347 518 1429 qnid
540 1347 612 1408 mali
632 1349 811 1431 meruisset3
844 1365 958 1429 paucos
985 1345 1050 1408 dies
1082 1347 1261 1408 errolraado

231 1450 374 1515 donativo
394 1454 601 1535 deprecatum.
644 1453 755 1516 Plures
774 1451 919 1514 obtulisse
936 1452 1017 1513 ultro
1034 1454 1261 1535 percussoribus

230 1559 385 1639 iugulum:
404 1570 529 1641 agerent
549 1579 584 1620 ac
604 1557 739 1637 ferirent,
762 1560 787 1621 si
809 1562 850 1620 ita
872 1579 889 1621 e
909 1579 942 1620 re
961 1559 1082 1642 publica
1096 1561 1257 1628 rideretur.
1271 1566 1307 1606 ¹⁰

229 1666 299 1730 Non
313 1663 477 1726 'interfuit‘
493 1664 695 1726 occidentium
726 1665 800 1747 quid
834 1663 956 1725 diceret.
1009 1665 1060 1724 De
1083 1673 1259 1747 patenam

231 1789 293 1832 non
311 1773 383 1834 catis
402 1781 527 1836 constat.
576 1769 709 1848 Quidam
727 1769 909 1832 Terentium
929 1781 1102 1844 evocatum,
1128 1772 1179 1832 alii
1191 1775 1258 1836 Le-

228 1877 371 1955 mnium,
404 1877 542 1938 crebrior
569 1879 649 1938 lama
668 1877 797 1938 tradidit
812 1877 998 1936 Camurium
1021 1879 1145 1957 quintae
1163 1879 1257 1942 deon·

226 2005 294 2046 mae
320 1986 448 2068 legionis
479 1983 605 2064 militem
620 2007 625 2028 ·
640 1986 786 2065 impresso
809 1981 908 2064 gladio
935 1982 1071 2063 iugulum
1091 1983 1155 2046 eius
1176 1985 1255 2047 ban.

202 2094 308 2156 trisse.
359 2093 463 2154 Ceteri
494 2113 586 2153 crura
604 2091 806 2173 ¹brachiaque
839 2093 921 2163 (nam
952 2099 1057 2169 peetus
1087 2090 1253 2172 tegebatur)
1266 2085 1330 2148 15¹

162 2230 165 2244 ·
223 2199 310 2260 foede
329 2197 501 2280 laniavere3
522 2197 668 2280 pleraque
688 2196 938 2258 volueraieritata
958 2205 990 2255 et
1009 2195 1135 2256 saevitia
1144 2211 1252 2264 trueco

139 2342 144 2350 -
225 2308 284 2366 ianr
309 2309 431 2388 corpori
452 2308 581 2369 adiectu.
634 2308 741 2369 Titum
772 2304 846 2366 inde
866 2301 995 2366 Vinium
1017 2301 1163 2368 invasere.
1205 2290 1315 2374 Ded&

222 2435 283 2495 qno
300 2415 413 2495 etipso
440 2415 619 2498 ambigitur,
641 2414 899 2494 consumpseritne
924 2428 1027 2470 rocem
1047 2410 1110 2472 dm
1136 2411 1250 2474 insteaa

222 2531 328 2597 metus,
347 2543 387 2581 an
408 2523 638 2602 proclamaverit
657 2543 718 2584 non
748 2541 812 2582 esse
845 2521 884 2579 ab
906 2515 1031 2576 Othone
1058 2517 1247 2599 mandatum,

222 2637 257 2687 nt
277 2627 499 2694 occideretur·
529 2627 622 2707 Quod
645 2649 698 2690 reu
717 2628 803 2686 linxit
826 2621 990 2684 formidine
1021 2641 1075 2684 reu
1094 2629 1299 2688 marcianae

220 2735 296 2794 tiam
314 2735 528 2810 coniurationia
540 2735 691 2796 confessos
712 2745 766 2808 ert,
791 2732 854 2797 buc
872 2729 975 2811 potius
995 2730 1057 2791 eiua
1078 2735 1139 2794 vita
1153 2733 1245 2794 samm
1324 2725 1328 2728 ’

219 2859 280 2918 qne
301 2837 438 2915 ilminat,
468 2854 502 2901 ut
521 2844 656 2902 conscius
674 2837 795 2901 sceleris
814 2838 922 2910 merit,
953 2839 1039 2899 cuiun
1058 2861 1147 2900 cunae
1166 2852 1245 2902 eret.

220 2949 299 3004 Ante
319 2946 423 3006 aedem
445 2947 510 3008 diri
532 2947 598 3009 lnlii
628 2949 721 3008 iacuit
742 2947 840 3027 primo
864 2945 928 3006 ictu
947 2947 978 3006 in
997 2946 1154 3029 poplitem,
1173 2969 1242 3010 mox

218 3057 495 3087 Q—-nss-

306 3119 326 3152 r.
347 3101 450 3155 Galbae
469 3112 497 3156 et
514 3103 630 3158 adilr'um
650 3103 716 3163 bit,
730 3107 758 3152 et
776 3116 800 3168 7.
824 3101 918 3156 verice
937 3100 1062 3174 prodere.

288 3212 326 3250 ro.
345 3213 359 3248 e
376 3197 479 3250 omittit
496 3197 546 3248 Μι.

284 3304 325 3341 ao.
343 3291 534 3346 conscientiam
552 3289 703 3344 Acidaliae:
726 3288 832 3343 codices
861 3293 1041 3346 conscientie.
1065 3315 1098 3332 ·-
1128 3289 1239 3345 Vinium

213 3383 386 3435 conscientia
404 3385 607 3437 coniurationis
623 3381 781 3436 consertum
793 3399 851 3436 cere
871 3383 907 3436 ab
928 3384 1037 3436 Othona
1054 3399 1109 3438 non
1127 3386 1239 3438 manda·

213 3481 288 3536 tom,
304 3483 337 3528 nt
354 3479 538 3539 occideretur,
560 3479 614 3530 diei
633 3493 695 3531 rere
714 3480 825 3549 nequit,
845 3477 919 3548 quod
937 3477 1005 3530 haec
1020 3495 1076 3530 non
1103 3492 1145 3536 ent
1168 3499 1238 3536 cen·
1431 3501 1432 3531 ς

209 3571 309 3639 βιοῖο,
332 3573 380 3626 red
403 3578 460 3628 rive
485 3574 669 3640 proclamatio
700 3575 757 3628 aire
775 3583 848 3627 certe
871 3575 1022 3644 professio.-
1053 3577 1103 3628 aed
1129 3577 1237 3646 procla·
1429 3579 1431 3646 l

211 3665 309 3734 mando
328 3671 525 3723 conscientiam
546 3667 670 3720 confiteri
689 3670 793 3738 potuit,
813 3674 946 3736 quatenus
976 3685 1032 3720 rem
1055 3678 1118 3722 ante
1142 3670 1237 3726 sedulo
1426 3649 1430 3825 d

211 3759 323 3812 celatam
341 3760 453 3830 profert.
488 3762 593 3814 Vitium
613 3771 702 3816 ortum
722 3761 828 3812 ridetur
846 3769 894 3812 aut
922 3779 956 3813 ex
974 3765 1098 3828 neglecto
1121 3766 1237 3834 scriptu·
1427 3831 1428 3836 Ἰ

210 3867 254 3903 rac
271 3855 432 3924 compendio
452 3861 640 3920 conscientia,
665 3865 713 3908 ant
736 3873 769 3907 ex
794 3858 898 3922 vulgari
920 3855 1147 3928 interpolatione,
1174 3878 1235 3912 cnm
1425 3837 1428 3922 l

210 3946 336 3998 librarius
355 3956 465 4016 propter
483 3953 688 4018 praecedentem
710 3949 857 4006 attattrnn
865 3953 1021 4026 firmidiae
1043 3959 1119 4028 nequi
1133 3957 1234 4010 debere
1424 3931 1427 4022 l

210 4039 326 4094 cundem
345 4055 435 4094 catum
452 4042 615 4112 opinaretur.
1029 4055 1033 4062 ·
1423 4023 1426 4120 l
