2912 4730
220 429 261 496 oa
382 475 386 492 .
579 407 871 496 nrsromtaun

57 611 87 680 (⁸
108 609 448 685 comessasionibus
468 609 574 697 spatiis¹
585 611 721 693 petebat.
762 591 865 696 Atque
891 610 979 676 illum
996 613 1106 695 cupido
1129 613 1251 676 incessit

216 721 350 784 adeundi
385 718 561 802 visendique
588 718 735 800 templum
761 719 894 802 Paphiae
928 707 1076 796 Veneris,
1110 719 1250 782 inclitum

126 903 129 912 ,
216 850 272 911 per
294 827 446 909 indigenas
468 820 670 906 advenasque.
713 824 803 886 Haud
823 825 916 886 fuerit
935 823 1060 909 longum
1077 826 1162 887 initia
1175 826 1250 893 reli·

215 935 334 1018 gionis,
359 931 463 1014 templi
485 932 601 1010 ritum,
624 930 751 1010 sormam
770 932 844 994 deae
868 935 976 1016 (neque
999 935 1079 995 enim
1110 934 1184 995 alibi
1206 935 1249 996 sic

214 1041 471 1125 babetur)paucis
484 1040 637 1102 disserere.
659 1039 857 1104 Conditorem
867 1043 972 1126 templi
993 1065 1092 1126 regem
1122 1033 1285 1111 Aeriamil

147 1159 150 1164 “
213 1159 299 1210 vetus
320 1145 643 1242 memoriauquidam
662 1149 755 1229 ipsius
775 1149 849 1212 deae
874 1173 987 1214 nomen
1017 1152 1048 1212 id
1076 1152 1247 1234 perbibent.
1314 1228 1317 1232 Ι

212 1255 308 1316 Fama
331 1256 483 1317 recentior
504 1251 601 1312 tradit
621 1252 768 1335 aCinyra
786 1245 937 1318 sacratum
958 1256 1119 1339 templum,
1140 1257 1247 1320 deatu-
1298 1301 1310 1310 .

211 1381 271 1447 qne
294 1359 389 1441 ipsam
410 1365 588 1438 conceptam
608 1358 685 1418 mari
708 1339 773 1417 buc
789 1360 958 1442 appulsam.
1000 1363 1060 1423 Sed
1090 1367 1247 1427 scientiam

211 1478 369 1550 artemque
393 1465 586 1546 haruspicum
609 1465 753 1539 accitam,
786 1476 816 1526 et
838 1467 963 1528 Cilicem
986 1469 1144 1530 Tamiram
1165 1474 1248 1532 intu·
1296 1522 1302 1538 .

209 1575 300 1655 lisse3
321 1585 412 1656 atque
435 1576 478 1634 ita
500 1583 639 1656 pactum,
660 1586 696 1634 ut
715 1573 849 1637 familiae
868 1577 1029 1658 utriusque
1049 1579 1159 1658 posteri
1179 1601 1247 1641 cac·
1261 1596 1299 1639 ro
1352 1572 1358 1578 ’

210 1685 348 1748 simoniis
369 1682 584 1766 praesiderent.
627 1684 709 1759 Mox,
733 1705 773 1744 ne
793 1683 907 1746 bonore
923 1683 1008 1744 nullo
1029 1685 1143 1766 regium
1155 1707 1248 1768 genus

208 1795 399 1876 peregrinam
419 1791 543 1872 stirpem
558 1789 765 1868 antecelleret,
787 1791 853 1872 ipsa
862 1812 956 1874 quam
974 1790 1138 1853 intulerant
1147 1793 1247 1856 scien-

209 1902 252 1963 tia
272 1900 404 1981 hospites
426 1917 565 1958 cessere:
586 1906 707 1958 tantum
724 1897 895 1980 Cinyrades
907 1897 1046 1960 sacerdos
1066 1901 1247 1964 consulitur.

210 2007 353 2084 Hostiae,
374 2003 556 2086 utquisque
578 2004 683 2079 vovit,
711 2005 766 2066 sed
784 2025 884 2066 mares
907 2004 1106 2089 deliguntur:
1138 2010 1245 2071 certis·

209 2114 376 2196 simafides
395 2113 563 2174 haedorum
586 2111 686 2174 fibris.
710 2185 713 2196 Ι
729 2111 914 2194 Sanguinem
928 2134 998 2174 arae
1018 2111 1177 2180 offundere
1191 2139 1244 2182 ve-
1256 2110 1293 2174 15

208 2225 319 2287 titum:
342 2220 480 2302 precibus
503 2230 533 2280 et
552 2221 623 2302 igne
643 2233 723 2301 puro
744 2220 852 2282 altaria
873 2219 1053 2299 adolentur,
1087 2244 1145 2286 nec
1173 2223 1245 2288 ullis
1278 2248 1286 2298 '.

208 2329 373 2408 imbribus,
403 2347 575 2412 quanquam
594 2329 625 2388 iu
656 2337 779 2426 aperto,
810 2330 1000 2394 madescunt.
1042 2331 1244 2398 Simulacrum

211 2441 284 2502 deae
302 2459 368 2506 non
385 2433 481 2518 effigie
502 2435 652 2514 humana,
672 2438 835 2500 continuus
856 2440 940 2500 orbis
960 2439 1068 2502 latiore
1087 2439 1175 2502 initio
1198 2453 1243 2504 te-

209 2523 355 2606 nuem'in
375 2539 522 2618 ambitum
545 2550 642 2602 metae
661 2541 755 2604 modo
767 2543 958 2625 'exsurgens;
980 2554 1011 2604 et
1032 2545 1112 2608 ratio
1130 2549 1163 2610 ia
1185 2551 1242 2614 ob·

209 2673 309 2714 sauro.
351 2647 441 2708 Titus
462 2657 596 2730 spectata
616 2649 771 2732 opulentia
794 2649 945 2730 donisque
958 2671 1079 2734 regum,
1102 2645 1277 2742 quaequod}

209 2757 267 2818 alia
288 2756 400 2854 laetum
420 2753 649 2836 antiquitatibus
672 2755 862 2817 Graecorum
883 2773 976 2834 genus
1005 2757 1122 2825 incerta
1153 2776 1241 2829 vetn-

248 3050 253 3060 ‚
296 3020 319 3055 ι.
337 3001 544 3057 audentioribus
560 3002 671 3074 spatiis]
692 2999 773 3049 Titus
790 3011 850 3070 pum
868 2999 972 3068 Syriam
992 3013 1100 3077 peteret
1117 3027 1242 3086 acprop-
1276 3059 1279 3062 .

209 3103 250 3150 ter
268 3097 472 3150 festinationem
490 3095 658 3180 compendiis
678 3091 782 3142 viarum
801 3100 937 3161 uteretur,
967 3099 1088 3172 Cyprum
1115 3106 1191 3158 laeva
1210 3111 1241 3162 in

207 3200 285 3262 parte
303 3193 417 3263 reliquit
433 3201 461 3246 ct
478 3195 508 3248 in
526 3193 601 3256 alto,
629 3189 750 3239 diversus
774 3187 810 3238 ab
835 3189 943 3258 littore,
968 3199 1110 3268 navigavit.
1143 3200 1240 3270 Spatia

208 3289 307 3360 igitur,
328 3304 397 3360 quae
413 3306 486 3340 nnnc
504 3289 553 3340 ille
571 3280 748 3355 peragrabat,
769 3282 807 3335 ita
825 3286 990 3344 audentiores
1009 3298 1102 3355 erant,
1129 3305 1160 3350 ut
1178 3299 1240 3366 plns

208 3380 321 3433 auderet
343 3399 424 3452 quara
442 3390 521 3432 antea
553 3380 632 3429 littus
657 3373 779 3442 legendo.
816 3378 893 3449 Quae
914 3385 1060 3453 explicatio
1088 3400 1149 3438 cum
1174 3387 1242 3440 sub·

210 3473 350 3528 obscuram
367 3474 529 3529 sententiam
550 3469 677 3538 scriptori
707 3469 804 3535 donet,
829 3475 956 3546 equidem
980 3478 1109 3530 nonnihil
1135 3479 1239 3532 inclino

209 3570 346 3624 ntlocum
364 3575 520 3639 corruptum
542 3577 600 3615 etse
627 3563 753 3618 iudicem.
789 3569 887 3623 Nonne
913 3573 1116 3642 patentioribus
1141 3577 1240 3646 spatiis

209 3663 490 3735 scripsit'l'acitusvel
506 3657 733 3714 scribererectius
751 3663 863 3731 potuit?
881 3663 986 3714 -Mox
995 3668 1019 3724 5.
1036 3670 1146 3720 Aeriam
1167 3669 1239 3724 Rbe-

206 3776 312 3816 nanus:
330 3760 375 3814 Ma
388 3760 510 3810 neriam.
546 3758 571 3824 4.
594 3757 677 3811 ritum
694 3759 804 3810 Dureau
824 3759 859 3811 de
877 3758 1012 3813 Lamalle:
1030 3763 1096 3815 libri
1113 3766 1203 3823 situm.

267 3871 271 3880 ·
295 3875 323 3925 9,
340 3853 496 3906 citicensem
516 3851 613 3906 miram
631 3852 719 3920 BMap
739 3849 856 3904 correxit
873 3843 1037 3919 Rhenanuss
1045 3858 1110 3916 Mox
1133 3879 1171 3922 ra.
1192 3863 1237 3917 in·

134 3998 139 4008 ,
208 3949 310 4004 tulerat
327 3941 379 3996 Mil.

279 4057 318 4108 ¹9·
338 4047 409 4094 meta
427 4033 485 4105 Ma,
505 4044 533 4094 et
552 4053 579 4108 p·
597 4039 651 4105 69,
671 4054 695 4089 a.
713 4035 906 4105 perambules.¹
