2886 4726
281 377 375 456 eor
450 477 457 484 .
656 343 945 442 ursrouuanu
999 472 1006 484 ,

25 570 36 580 “
116 574 152 632 (ι
171 567 200 620 C.
216 573 270 641 pc.)
281 567 400 646 legione
422 562 569 645 septlma‚
603 561 692 622 cuius'
708 560 952 644 flagrantissimus
973 556 1005 616 iu
1027 555 1193 614 Antonium
1216 573 1315 612 arnor.

286 675 326 733 Et
348 673 438 731 tertia
459 669 557 750 legio,
594 669 750 728 familiaris
777 669 868 726 Arrio
890 665 974 726 Varo
997 661 1101 731 miles,
1140 661 1169 720 in
1193 661 1315 742 Syriam

206 817 215 843 i
283 780 415 838 remissa.
471 778 549 836 Pars
576 776 723 834 exercitus
754 775 785 834 in
820 773 999 832 Germanias
1029 769 1217 830 ducebatur..
1263 769 1314 826 sie

283 863 382 964 egesto
402 880 544 962 quicquid
568 880 740 953 turbidum,
774 879 853 938 redit
881 877 953 936 urbi
974 896 1028 936 sua
1052 875 1150 937 forma
1173 874 1312 958 legesque

281 1002 311 1051 et
333 991 436 1050 munia
455 985 693 1066 magistratuum.
776 1021 780 1028 ·
1228 1007 1231 1016 ·
1322 971 1360 1032 5'
1423 971 1424 1046 l

275 1109 293 1126 ‘¹
345 1079 436 1174 'Quo
458 1096 507 1156 die
530 1105 668 1156 senatum
693 1095 845 1174 ingressus
880 1102 926 1155 est
945 1090 1163 1162 Domitianus,=
1188 1086 1226 1146 de
1255 1068 1375 1150 aab-40

280 1208 374 1266 sentia
393 1205 490 1285 patris
514 1182 674 1284 iratrisqne
707 1223 743 1261 ac
764 1203 887 1262 inventu
920 1221 973 1258 sua
1007 1217 1102 1280 pauca
1132 1204 1164 1255 et
1191 1193 1311 1254 modica

279 1311 432 1386 disseruit,
456 1311 582 1368 decorus
603 1309 731 1383 babitu3
755 1317 785 1367 ct
807 1309 918 1386 ignotis
941 1305 1042 1365 adhue
1054 1303 1189 1362 muribus
1202 1303 1311 1360 crebra

281 1417 342 1474 oris
363 1415 499 1474 confusio
531 1433 587 1491 pro
610 1411 759 1471 modestia
790 1409 1011 1488 accipiebatur.
1055 1407 1215 1468 Refereute
1236 1408 1310 1468 Cae-

278 1545 346 1582 sare
379 1521 417 1580 de
450 1517 644 1578 restituendis
674 1515 789 1576 Galbae
820 1497 1007 1586 bonoribus,
1038 1515 1155 1573 censuit
1187 1517 1359 1576 Curtiusro

191 1632 194 1645 '
276 1631 454 1698 Montanus,
476 1636 510 1682 ut
522 1615 639 1683 Pisonis
660 1643 785 1702 quoque
806 1625 950 1685 memoria
965 1620 1179 1681 celebraretur.
1200 1622 1309 1680 Patres

278 1743 443 1810 utrumque
474 1731 607 1786 iussere:
644 1725 694 1784 de·
716 1726 828 1785 Pisone
859 1727 980 1784 irritum
1005 1725 1071 1784 fuit.
1115 1726 1307 1784 Tum‘sorte

276 1839 359 1896 ducti
374 1839 437 1915 ‘per
460 1855 536 1916 quos
551 1833 756 1894 redderentur
777 1834 857 1893 bello
875 1844 975 1915 raptu,
995 1835 1107 1914 quique
1122 1853 1195 1894 aera
1206 1831 1306 1912 legum

275 1951 429 2002 uetustate
441 1941 560 2021 delapsa
583 1949 744 2002 noscerent
761 1943 957 2022 figereutque,
981 1952 1011 2000 et
1033 1941 1121 2000 fastos
1134 1939 1305 1998 adulatione

275 2062 447 2130 temporum
470 2049 604 2109 foedatus
626 2060 842 2122 exonerarent,
877 2035 1060 2130 modumque
1076 2101 1087 2122 ,
1094 2047 1222 2128 publicis
1250 2051 1304 2108 im·
1318 2056 1353 2117 ¹5

278 2159 376 2238 peusis
404 2157 549 2218 facerent.
593 2157 744 2218 Redditur
764 2159 868 2216 Tertio
890 2157 1006 2216 loliano
1028 2167 1191 2236 praetura,
1222 2166 1304 2234 post-

274 2285 365 2345 quam
398 2266 535 2344 cugnitus
572 2275 617 2324 est
650 2265 689 2326 ad
720 2265 941 2346 Vespasianum
970 2265 1155 2344 confugisset
1189 2262 1304 2342 Gripho

275 2372 374 2432 honor
404 2375 524 2431 mansits
563 2373 670 2452 Repeti
702 2372 773 2432 inde
795 2375 999 2454 coguitionem
1021 2373 1109 2430 >inter
1129 2368 1304 2464 Musonium

274 2477 388 2538 Rufum
407 2487 436 2535 et
456 2475 607 2534 Publium
623 2477 758 2535 Celerem
778 2477 909 2556 placuit,
933 2475 1154 2556 damnatusque
1176 2475 1303 2536 Publius

276 2593 307 2643 et
327 2583 434 2657 Sorani
455 2583 592 2640 manibus
613 2581 810 2640 satisfactum.
853 2582 978 2662 lusiguis
1000 2584 1117 2664 publiea
1144 2585 1303 2644 severitate
1312 2613 1348 2652 20

272 2693 339 2758 dies
363 2713 401 2751 ne
424 2691 566 2770 privatim
589 2689 714 2769 quidem
748 2687 838 2748 laude
867 2694 978 2750 caruit·
1015 2693 1127 2751 lustum
1157 2693 1299 2752 indicium

275 2799 404 2880 explesse
426 2799 584 2857 Musonius
605 2795 785 2857 videbatur:
810 2795 926 2856 diversa
946 2798 1025 2858 fama
1043 2801 1198 2860 Demetrio
1208 2802 1303 2882 Cyni-

231 2934 236 2940 ’
275 2927 340 2966 eam
364 2915 473 2965 sectam
495 2905 644 2986 professo,
675 2903 758 2984 quod
777 2904 967 2964 manifestum
996 2927 1083 2967 reum
1113 2907 1302 2968 ambitiosius

273 3037 364 3096 quam
385 3016 540 3074 honestius
561 3011 750 3074 defendisset.
792 3011 850 3092 lpsi
871 3014 982 3074 Publio
1002 3033 1101 3094 neque
1129 3017 1247 3073 animus
1269 3016 1298 3072 iu

267 3119 413 3202 periculis
434 3141 532 3201 neque
553 3119 652 3180 oratio
671 3119 886 3201 suppeditavit.
928 3121 1020 3202 Signo
1042 3121 1165 3182 ultiouis
1195 3123 1225 3181 in
1247 3119 1349 3182 rac-25

270 3367 274 3377 .
339 3346 381 3396 26.
401 3343 535 3398 inclinum
553 3347 708 3400 Ernestius:
738 3351 845 3402 codices
874 3347 1012 3402 iudicium.
1039 3373 1069 3388 -
1090 3346 1225 3404 Iudicium
1250 3367 1296 3402 ea-

268 3437 343 3506 plere
361 3445 404 3491 est
417 3439 540 3491 iudicum
559 3455 699 3494 numerum
716 3450 763 3494 snt
781 3445 945 3496 senteutiam
962 3441 1085 3510 explere,
1112 3444 1194 3512 quod·
1215 3461 1296 3495 aecn-

190 3611 194 3616 ‚
269 3532 351 3581 satori
371 3547 426 3584 non
444 3535 588 3586 convenire
604 3538 773 3608 inpromptu
792 3545 840 3590 est.
873 3535 1011 3592 Iudicium
1022 3538 1130 3608 explere
1149 3546 1191 3589 est
1203 3540 1296 3590 omniu

268 3625 362 3676 afferre
382 3641 453 3694 quae
473 3629 585 3692 faciunt,
605 3638 636 3682 ut
655 3631 787 3684 indicium
806 3649 861 3685 non
882 3617 1004 3686 mancum
1020 3635 1071 3702 sit3
1088 3648 1202 3702 comque
1221 3632 1296 3682 indi·

267 3717 339 3768 cium
360 3722 540 3772 accusationis
561 3725 646 3793 prima
665 3741 726 3795 pars
745 3728 797 3790 sit,
822 3727 851 3780 id
874 3743 975 3778 nornen
1000 3727 1243 3795 prosternatione
1265 3735 1295 3777 et

264 3809 333 3860 alibi
352 3821 380 3862 et
399 3811 451 3865 boc
471 3816 530 3867 loco
550 3820 667 3886 ponitur.
703 3819 844 3871 Musonius
862 3819 948 3888 igitur
965 3827 1104 3871 accusator
1128 3819 1214 3871 iustae
1244 3834 1293 3869 ac-

263 3907 397 3957 cusationi
424 3911 585 3966 satisfecisse
611 3913 773 3971 videbaturr
804 3917 904 3967 iustum
937 3913 1069 3970 iudicium
1104 3894 1157 3985 ipsi
1185 3912 1291 3966 ludices

260 4000 513 4064 pronuntiaverunt.
531 4008 686 4061 Waltherus
705 4007 839 4061 iudicium
855 4009 955 4061 tenuit.
1024 4011 1030 4038 ³
