2890 4728
214 383 275 445 300
598 371 834 436 cenninus
867 351 880 360 '

151 577 156 592 ¹
187 553 331 638 ,obstitit
357 552 533 614 Oceanus
526 572 556 610 ιιι
590 573 621 611 sc
639 554 726 611 simul
748 563 838 632 atquc
866 553 897 611 iu
921 551 1123 614 llereulem''
1115 557 1242 636 mquiri.
1308 561 1325 593 '-

215 663 287 724 Mox
306 681 396 743 nemo
419 661 566 738 tentavit,
587 661 778 742 sapctiusque
798 680 833 720 ac
856 662 1046 722 reverentius
1077 662 1178 724 risum
1204 663 1244 724 de
1330 736 1334 742 Ι

216 773 290 832 actis
308 755 435 830 deorum
455 767 578 830 credere
597 789 689 851 quam
710 769 819 839 scire.

300 877 482 939 Hactenus
473 900 504 937 ιιι
518 876 713 937 Occidentem
728 826 922 936 Germaniam
945 875 1094 940 novimus.
1118 878 1151 936 ln
1163 877 1240 958 Sep
1254 855 1317 934 35

214 983 398 1046 tentrionem
417 981 469 1065 ing
470 985 530 1043 enti
552 982 629 1043 flexu
649 981 740 1043 redit.
782 984 824 1042 Ac
853 983 951 1062 primo
979 985 1081 1043 statim
1102 983 1244 1046 Chauco·
1230 998 1274 1056 ·5

216 1111 284 1149 rum
307 1087 396 1172 geue,
418 1111 592 1172 quanquam
614 1089 739 1170 incipiat
758 1112 775 1148 a
795 1087 901 1148 Frisiis
920 1108 956 1150 ur
985 1101 1108 1170 partem
1130 1089 1246 1150 littoris

216 1205 362 1278 occupet,
385 1197 521 1258 omnium
541 1217 616 1278 quas
633 1195 756 1278 exposui
776 1196 910 1275 gentium
934 1194 1078 1256 lateribus
1099 1195 1245 1258 obtendi·
1260 1242 1273 1257 .

216 1313 288 1376 tur,
319 1301 415 1362 donec
449 1302 479 1361 in
513 1301 636 1364 Chattos
659 1322 753 1384 usquc
776 1303 922 1362 sinuetur.
961 1303 1037 1367 Tam
1063 1302 1245 1366 immensum

216 1421 368 1471 terrarum
385 1410 518 1490 spatium·
535 1429 596 1469 non
628 1417 730 1470 tenent
758 1418 876 1469 tantum
894 1407 1010 1468 Chauci
1039 1408 1095 1477 scd
1128 1420 1158 1468 et
1187 1408 1245 1468 im·
1285 1459 1289 1466 .

217 1514 313 1597 plent,
333 1513 460 1596 populus
480 1514 743 1576 interGermauos
763 1515 978 1588 nobilissimus,
1001 1513 1114 1594 quique
1128 1519 1244 1596 magni·
1259 1542 1296 1582 ιο

219 1619 355 1681 tudinem
375 1643 460 1684 suam
482 1620 566 1682 malit
587 1621 700 1682 iustitia
731 1623 819 1682 tueri.
864 1623 936 1682 Siue
969 1623 1151 1703 cupiditate,
1179 1624 1244 1686 sine

218 1731 412 1812 impotentia,
436 1731 532 1812 quieti
553 1732 720 1812 secretique
741 1729 823 1791 nulla
844 1731 1126 1812 promunturia,
1155 1729 1245 1792 nullis

217 1839 353 1919 raptibus
388 1848 442 1918 aut
471 1837 636 1900 latrociniis
655 1837 848 1920 populantur.
892 1839 927 1900 ld
946 1841 1141 1920 praecipuum
1178 1837 1258 1896 vir..

216 1945 288 2004 tutis
309 1966 344 2004 ac
362 1946 472 2004 virium
495 1955 706 2022 argumentum
728 1955 785 2016 est,
808 1945 888 2027 quod
911 1957 943 2004 ut
964 1945 1251 2024 superioresagunt.

217 2068 278 2110 nou
297 2069 355 2130 per
382 2047 509 2110 iniurias
537 2041 766 2134 assequuntur.
789 2051 939 2130 Prompta
971 2060 1073 2108 tamen
1104 2051 1298 2120 omnibus15

115 2186 121 2202 ι
159 2146 162 2152 ’
215 2177 302 2216 arma
323 2177 368 2234 ac,
387 2159 479 2220 sires
498 2171 611 2240 poscat,
633 2162 794 2237 exercitus,
814 2159 979 2242 plurimum
1001 2160 1143 2224 virorum
1150 2181 1245 2241 equo-
1301 2165 1305 2170 '

216 2283 367 2358 rumque3
389 2276 419 2326 et
438 2266 661 2347 quiescentibus
682 2269 787 2339 eadem
810 2267 899 2327 sama.
966 2313 969 2322 ,

297 2374 331 2434 ln
352 2372 460 2434 latere·
469 2373 661 2436 Chaucorum
684 2377 925 2454 Chattorumque
949 2373 1151 2433 Cherusci
1108 2377 1244 2457 {utorium
1256 2369 1314 2448 36

217 2503 251 2541 ac
274 2491 461 2542 marcentem
482 2481 533 2552 diu
553 2505 656 2564 pacem
677 2483 826 2544 illacessiti
845 2484 1029 2546 nutrierunt.
1063 2480 1169 2562 idque
1195 2484 1244 2542 iu-

215 2589 344 2650 cundius
365 2609 455 2669 quam
469 2591 574 2649 tutius
593 2589 663 2662 fuit,
687 2593 757 2672 quia
780 2592 861 2649 inter
882 2591 1057 2672 impotentes
1078 2599 1108 2647 et
1128 2584 1298 2650 validosao

191 2695 290 2764 ‚salso
311 2697 465 2776 quiescas:
503 2697 555 2758 uhi
584 2719 674 2782 manu
698 2699 829 2780 agitur,
866 2699 1013 2761 modestia
1042 2719 1077 2782 ac
1104 2693 1244 2775 probitas

134 2799 138 2808 ’
217 2801 340 2862 nomina
361 2801 525 2882 superioris
545 2814 622 2862 sunt.
664 2803 709 2862 Ita
731 2805 784 2884 qui
805 2800 877 2871 olim
903 2801 983 2870 boni,
997 2803 1147 2885 aequique
1163 2801 1246 2862 Che.

217 2907 296 2966 rusci
307 2949 316 2980 ,
349 2927 429 2968 nunc
449 2909 561 2970 inertes
579 2929 616 2969 ae
637 2909 719 2970 stulti
738 2919 901 2976 vocantur:
933 2911 1051 2976 Chattis
1078 2908 1247 2976 uictoribus

131 3000 145 3042 ‘¹
218 3009 340 3072 fortuna
375 3014 405 3071 in
433 3013 611 3096 sapientiam
638 3013 733 3094 cessit.
774 3015 877 3076 Tracti
908 3013 998 3076 ruina
1023 3017 1248 3078 Cheruscorum

221 3195 458 3208 .-..-..--—-......

289 3309 326 3360 13.
341 3307 375 3360 ld
385 3305 693 3383 praecipuumjvirtutr's
721 3323 753 3358 ac
776 3305 889 3379 viritim]
920 3305 961 3359 ici-
977 3307 1157 3376 praecipuum
1185 3307 1244 3356 viru

217 3402 283 3451 tutis
301 3417 334 3454 ae
352 3403 457 3454 virium
470 3401 648 3473 praecipuum
667 3399 710 3462 Τ,
739 3401 770 3456 id
791 3406 909 3472 pretium
936 3403 1051 3455 virtutis
1080 3419 1114 3452 ue
1140 3400 1243 3450 uirium

215 3499 390 3568 praecipuum
407 3499 432 3551 V
458 3501 530 3556 1518.
551 3528 580 3538 -
599 3497 670 3551 vite
696 3507 725 3550 ut
742 3497 807 3550 libri
837 3499 960 3549 Vaticani
986 3505 1119 3547 corrector
1147 3493 1243 3545 vitium

217 3588 324 3642 librarii
352 3595 516 3664 negligentia
547 3595 652 3646 illatum
678 3596 838 3663 (repetitum
864 3593 935 3644 illud
961 3595 1139 3664 praecipuum
1166 3587 1242 3652 dico)

217 3683 410 3750 interpolando
431 3686 573 3739 obscurare
592 3688 744 3740 tentaverit.
780 3684 959 3757 Vulgaribus
978 3685 1181 3755 interpolatoris
1198 3698 1244 3732 ar-

216 3777 301 3831 tificio
323 3795 352 3832 se
370 3779 458 3850 decipi
476 3797 570 3852 passus
587 3790 626 3834 cst
647 3781 810 3833 Waltherus.

231 3861 234 3872 ’
286 3886 328 3924 aa,
348 3875 457 3926 nomine
477 3873 597 3926 codices:
617 3877 727 3927 nourina
746 3873 903 3930 heroaldus.

286 3968 326 4034 ²l·
345 3971 430 4021 tracti
453 3969 492 4025 ll:
509 3971 577 4022 tacti
593 3970 720 4042 antiquae
740 3971 883 4024 editiones,
907 4015 911 4027 ,
