2890 4728
612 450 698 514 CAP.
723 451 832 515 7-9.·
1002 498 1005 511 .
1143 449 1202 514 361

183 627 265 704 dixi,
281 625 422 709 proxima
443 637 474 690 et
489 649 567 711 qnae
587 651 647 692 non
669 630 777 692 auditu
799 627 1001 712 cognoscentia
1036 625 1090 688 sed
1113 627 1207 688 oculis

176 736 344 817 spectanda
369 735 565 800 haberemus.
593 734 695 796 xllam
732 757 794 819 quo
822 736 973 798 sordidius
1005 745 1035 796 et
1062 733 1205 796 abiectius

47 876 49 881 .
118 861 131 890 ν’
184 843 248 902 nati
268 857 349 922 sunt,
373 837 494 928 quoque
513 843 680 906 notabilior
698 855 857 927 paupertas
877 853 908 904 et
927 844 1090 924 angustiae*
1103 861 1206 903 rerum

144 965 146 968 ’
184 957 342 1010 nascentes
360 971 410 1012 eos
431 953 711 1030 circumsteterunt,
737 972 773 1011 co
799 950 925 1012 clariora
951 960 982 1010 et
1011 945 1050 1008 ad
1079 946 1206 1008 demon·

124 1104 128 1116 .
158 1040 339 1117 5strandam
364 1057 516 1119 oratoriae
533 1057 722 1140 eloquentiae
743 1058 903 1120 utilitatem
925 1055 1090 1150 illustriora
1103 1073 1208 1114 *exem-

185 1161 235 1244 pla
256 1146 347 1242 snut,
375 1165 457 1246 quod
478 1165 542 1228 sine
559 1165 819 1228 commendatione
850 1165 1014 1244 natalium,
1045 1163 1109 1224 sine
1134 1159 1209 1221 sub.

184 1271 296 1328 stantia
317 1269 514 1346 facultatum,
540 1281 646 1333 neuter
668 1272 804 1333 moribus
826 1274 978 1354 egregius,
1005 1267 1082 1330 alter
1101 1267 1209 1329 habitu

183 1392 308 1454 quoque
328 1379 464 1457 corporis
487 1387 692 1458 contemptus,
723 1377 916 1457 permultos
936 1379 995 1437 iam
1028 1396 1121 1436 annos
1141 1367 1209 1455 ⁴po·

184 1481 344 1540 tentissimi
366 1491 438 1542 sunt
455 1483 606 1558 civitatis,
637 1489 670 1541 et
698 1480 793 1541 donec
824 1480 931 1557 libuit,
962 1481 1115 1561 principes
1138 1478 1207 1551 fori,

139 1601 264 1645 ronunc
283 1586 432 1668 principes
445 1586 479 1658 ,in
493 1587 630 1653 Caesaris
651 1575 780 1648 amicitia
791 1598 886 1670 agunt
901 1579 1069 1668 'feruntque
1089 1595 1217 1670 cuncta,

97 1695 100 1700 ’
182 1701 275 1774 atquc
293 1695 332 1754 ab
355 1696 417 1776 ipso
438 1694 579 1776 principe
598 1681 667 1756 cum
688 1694 820 1777 quadam
841 1695 1012 1756 reverentia
1033 1691 1209 1774 diliguntur,

183 1803 257 1882 quia
274 1791 490 1882 Vespasianus,
514 1801 696 1863 venerabilis
717 1779 806 1864 senex
829 1813 858 1862 et
880 1799 1113 1884 patientissimus
1132 1797 1209 1874 veri,

88 1917 94 1934 '
183 1908 261 1968 b'ene
280 1907 419 1990 intelligit
437 1921 551 1970 ceteros
572 1908 695 1990 quitiam
717 1911 829 1970 amicos
863 1931 931 1970 suos
964 1909 1002 1968 iis
1027 1909 1099 1984 niti,
1133 1927 1211 1988 quae

183 2015 222 2076 ab
243 2019 306 2097 ipso
327 2019 517 2098 acceperint,
541 2041 677 2100 quaeque
697 2018 754 2099 ipsi
788 2015 985 2077 accumulare
1014 2024 1046 2074 et
1073 2015 1105 2073 in
1137 2011 1212 2074 alios

139 2118 345 2202 r5cnngerere
372 2135 548 2202 promptum
577 2134 638 2196 est,
675 2121 854 2181 Marcellum
885 2111 985 2178 aulem
1011 2125 1041 2177 et
1071 2117 1210 2198 Crispum

184 2226 316 2286 attulisse
333 2227 372 2288 ad
395 2229 554 2287 amicitiam
576 2248 679 2301 suam,
706 2225 788 2307 quod
808 2245 869 2284 non
892 2247 910 2285 a
929 2225 1066 2305 principe
1085 2243 1210 2307 accepe-

185 2331 248 2392 rint
269 2353 325 2392 ncc
346 2330 442 2412 accipi
465 2330 568 2413 possit.
607 2330 768 2391 Minimum
787 2317 868 2391 inter
887 2339 932 2390 tot
949 2349 986 2390 ac
1005 2339 1088 2390 tanta
1109 2328 1211 2394 locum

186 2437 328 2500 obtinent
348 2438 491 2520 imagines
513 2459 549 2500 ac
585 2437 666 2500 tituli
694 2449 724 2498 et
751 2447 887 2516 statuae,
919 2457 997 2518 quae
1017 2457 1114 2520 neque
1146 2441 1211 2520 ipsa

184 2556 283 2606 tamen
306 2544 515 2630 negliguntur,
546 2557 608 2608 tarn
643 2545 774 2608 Hercule
802 2567 893 2628 quam
925 2545 1052 2606 divitiae
1070 2555 1099 2608 et
1127 2567 1210 2630 opes,

138 2679 260 2740 acquas
280 2657 396 2742 facilius
419 2659 552 2722 invenies
573 2660 626 2742 qui
639 2660 792 2740 vituperet
805 2679 897 2742 quam
918 2658 970 2740 qui
989 2654 1131 2718 fastidiat.
1156 2645 1211 2716 His
1289 2719 1291 2727 λ

185 2768 281 2846 igitur
302 2777 333 2826 et
354 2765 521 2828 honoribus
546 2777 574 2828 et
596 2767 780 2828 ornamentis
802 2777 833 2827 et
862 2765 1053 2839 facultatibus
1083 2762 1209 2824 refertas

176 2870 292 2945 ¹domos
324 2867 428 2932 eoram
458 2872 618 2952 videmus,
649 2875 701 2956 qui
729 2893 760 2934 sc
788 2871 827 2933 ab
859 2873 979 2933 ineunte
1008 2871 1229 2932 adolescentia'
1260 2903 1269 2948 f
1375 2887 1378 2899 ¹

152 2953 284 3033 licensis
306 2973 476 3036 Forensibus
497 2985 527 3036 ct
547 2978 677 3038 oratorio
709 2976 809 3038 studio
837 2975 998 3036 dederunt.
1040 2977 1118 3038 Nam
1142 2997 1210 3036 car-

188 3079 270 3140 mioa
290 3089 319 3141 et
347 3101 470 3158 versus,
502 3081 611 3164 quibus
635 3092 730 3142 totam
755 3083 848 3142 vitam
877 3085 1032 3162 Maternus
1060 3083 1209 3142 insumere

139 3171 273 3268 25optat
304 3185 384 3268 (inde
407 3189 495 3250 *enim
517 3189 614 3249 omnis
634 3189 719 3250 fluxit
737 3183 873 3268 oratio),
904 3210 1001 3270 neque
1033 3187 1208 3270 dignitatem
1297 3207 1298 3210 ’
1333 3187 1335 3194 '

118 3353 121 3369 ,
186 3285 280 3356 ullam
301 3299 473 3362 auctoribus
495 3299 555 3360 suis
579 3297 742 3362 conciliant
764 3319 862 3383 neque
882 3298 1010 3360 utilitate
1030 3318 1080 3356 eos
1102 3295 1208 3376 alunt;

186 3475 425 3490 m

199 3571 202 3580 ²
272 3553 298 3610 3.
317 3537 482 3624 quosque—F.
501 3553 564 3606 Mox
585 3552 729 3626 angustiae
747 3569 837 3607 rerum
853 3551 976 3622 Lipsiust
994 3550 1101 3604 codices
1119 3568 1206 3622 angu-

186 3647 243 3701 stie
259 3659 385 3718 ereptum.

258 3743 298 3800 13.
319 3756 343 3795 er
365 3756 468 3819 ceteros
486 3743 523 3806 F,
543 3748 570 3794 et
590 3740 627 3806 ¹i·
649 3741 729 3810 ipris,
747 3757 802 3792 non
818 3740 884 3810 ipsi,
909 3745 937 3791 ct
952 3743 999 3798 '183
1018 3739 1048 3792 in
1066 3741 1206 3812 imaginor:

254 3851 296 3888 aa
315 3839 425 3892 incunte
437 3849 533 3892 aetate
550 3831 736 3890 adolescentia
755 3835 783 3886 F·
938 3903 941 3909 Ι
1201 3839 1205 3850 “

254 3931 296 3981 26.
310 3931 430 3984 utilitate
448 3927 502 3998 eos]
518 3925 668 3998 Legebatur
684 3927 840 3980 utilitates·
860 3925 1032 3978 locutionem
1053 3927 1127 3978 clerc
1148 3924 1205 3974 uri·

184 4021 276 4078 litotes
295 4022 460 4076 Gutmannus
478 4020 551 4092 apud
570 4012 700 4074 Orellium
719 4037 779 4090 pag.
803 4022 973 4074 insanorum
990 4029 1017 4073 ct
1049 4019 1204 4074 inusitatam
