2886 4726
226 475 289 540 em
597 453 885 520 utsromnaunt

69 661 97 730 (a
115 661 143 714 c.
159 662 213 729 70.)
226 653 293 714 linis
314 649 365 712 illa
389 647 447 710 die.
487 644 599 707 Paucis
620 651 688 724 post
718 639 824 700 diebus
859 638 1073 720 adloquentem
1098 637 1253 700 Domitia·
1385 669 1389 672 ·

224 781 298 824 num
319 759 431 820 firmati
453 757 512 816 iam
530 773 692 836 excepere.
734 749 891 830 Spernunt
912 747 1028 808 oblatos
1049 767 1152 829 agros,
1173 745 1252 808 mili·

224 870 297 928 tiam
319 873 349 932 et
369 863 518 946 stipendia
543 870 644 924 orant.
685 858 798 918 Preces
820 863 929 932 erant,
959 853 1013 915 sed
1044 850 1154 935 quibus
1180 874 1255 912 con-

223 974 333 1036 tradici
355 995 418 1034 non
438 980 547 1053 posset.
588 967 687 1050 igitur
717 966 750 1026 in
783 963 978 1044 praetorium
1008 961 1133 1041 accepti.
1174 961 1253 1020 Dein

223 1079 334 1161 quibus
353 1087 434 1138 aetas
454 1084 485 1136 et
515 1075 591 1136 iusta
612 1069 761 1154 stipendia
783 1070 897 1130 dimissi
929 1089 1000 1130 cum
1032 1067 1169 1144 honore,
1202 1068 1284 1141 alii5

224 1187 267 1246 ob
285 1185 421 1266 culpam,
444 1183 493 1243 sed
515 1179 644 1262 carptim
666 1199 701 1238 ac
721 1177 845 1260 singuli;
867 1197 929 1259 quo
951 1175 1100 1236 tutissimo
1121 1174 1254 1235 remedio

223 1313 383 1354 cousensus
404 1289 606 1351 multitudinis
627 1295 816 1348 extenuetur.
858 1285 1001 1346 Ceterum
1032 1303 1147 1343 verane
1177 1265 1322 1364 pau-4¹1

223 1401 307 1482 peric
325 1422 364 1460 an
386 1397 433 1459 uti
455 1395 631 1469 videretur,
653 1403 756 1482 actum
776 1391 808 1450 in
829 1401 934 1452 senatu
956 1402 993 1452 nt
1019 1392 1180 1452 sexcenties
1202 1413 1252 1452 se.

217 1509 363 1570 'stertium
396 1525 414 1564 a
442 1501 571 1583 privatis
599 1509 741 1560 mutuum
769 1498 973 1579 acciperetur3
1005 1501 1255 1582 praepositusque

213 1614 253 1674 'ei
276 1632 366 1674 curae
388 1611 549 1688 Pompeius
579 1606 729 1671 Silvanus.
773 1604 837 1665 Nec
871 1604 971 1665 multo
999 1617 1066 1687 post
1099 1607 1307 1666 necessitasne

224 1719 321 1792 abiit,
344 1717 406 1775 sive
427 1714 536 1773 omissa
559 1710 722 1772 simulatio.
764 1709 912 1792 Abrogati
932 1709 1004 1770 inde
1024 1712 1121 1793 legem
1142 1713 1256 1774 terente

223 1821 402 1883 Domitiano
422 1817 596 1882 consulatus
611 1840 687 1901 quos
698 1816 841 1881 Vitellius
861 1817 998 1896 dederet,
1021 1813 1256 1903 sonusquecen.

224 1925 470 1992 aonium-*Flavio
490 1926 605 1988 Sabino
635 1925 781 2005 ductum,
814 1947 925 2009 magua
952 1925 1134 1992 documenta
1164 1928 1257 1990 insta·

224 2034 292 2098 bilis
313 2035 451 2095 samanae
470 2055 646 2116 summaque
666 2048 696 2098 et
716 2037 777 2096 ima
798 2035 960 2097 miscentis.

305 2141 370 2204 Sub
393 2141 473 2202 idem
492 2151 610 2223 tempus
627 2143 740 2202 Lucius
760 2141 832 2201 Piso
854 2140 1043 2221 proconsule
1062 2143 1253 2204 interficitur.
1268 2147 1323 2230 48
1426 2145 1427 2236 J

226 2253 271 2313 Ea
299 2251 338 2311 de
367 2249 457 2311 caede
476 2270 568 2332 quam
591 2249 744 2311 verissime
775 2249 945 2330 expediam,
980 2249 1005 2310 si
1036 2271 1131 2330 pauca
1165 2273 1257 2333 supra
1426 2237 1427 2246 ἵ

226 2361 373 2440 repetiero
393 2357 432 2417 ab
451 2355 535 2416 initio
554 2357 712 2438 causisque
727 2355 835 2416 talium
857 2355 1024 2414 facinorum
1041 2375 1102 2416 non
1114 2355 1256 2418 absurda.

227 2469 320 2547 Legio
338 2467 371 2524 in
385 2463 488 2524 Africa
508 2463 677 2544 auxiliaque
698 2451 835 2522 tutandis
848 2461 966 2540 imperii
987 2459 1097 2523 finibus
1115 2465 1257 2526 subdivo

229 2575 369 2654 Augusto
394 2569 577 2648 Tiberioque
594 2569 780 2662 principibus
803 2566 975 2648 proconsuli
997 2569 1152 2650 parebant.
1187 2575 1258 2633 Mox

146 2693 149 2698 '
230 2681 337 2738 Gaius·
350 2677 458 2735 Caesar
478 2673 618 2734 turbidus
638 2675 743 2750 animi,
765 2695 800 2732 ac
812 2673 1094 2738 MarcumSilauum
1116 2679 1258 2741 obtinen-
1271 2711 1307 2752 20

231 2779 446 2842 tamniticam
468 2788 620 2855 metuens,
643 2777 773 2838 ablatam
795 2782 965 2858 proconsuli
994 2781 1141 2864 legionem
1170 2789 1259 2848 misso

234 2890 264 2948 in
290 2909 356 2948 eam
377 2907 441 2946 rem
466 2886 563 2966 legato
584 2884 720 2944 tradidit.
764 2885 921 2965 Aequatus
942 2890 1021 2949 inter
1049 2889 1127 2953 duos
1148 2892 1260 2953 beneti-

233 3001 349 3058 eiorum
371 2981 533 3071 numerus,
565 3002 594 3051 et
625 2991 723 3050 mixtis
744 2992 904 3076 utriusque
934 2997 1082 3059 mandatis
1109 2999 1260 3061 discordia

127 3110 130 3121 ’
234 3079 366 3185 quaesita
387 3111 537 3182 auctaque
556 3119 650 3180 pravo
683 3101 853 3160 certamine.
897 3103 1078 3182 Legatorum
1109 3108 1155 3166 vis
1185 3107 1259 3168 ado·

235 3212 308 3274 levit
328 3209 528 3270 diuturnitate
546 3203 649 3281 officii,
670 3203 717 3266 vel
738 3207 810 3287 quia
833 3207 1002 3269 minoribus
1024 3210 1124 3274 maior
1154 3231 1259 3274 nemu·
1272 3201 1310 3293 ¹25

199 3385 208 3398 ‚
236 3319 316 3379 laudi
340 3337 422 3394 cura,
444 3311 656 3396 proconsulum
677 3313 934 3394 splendidissimus
955 3316 1080 3400 quisque
1101 3321 1260 3381 securitati

237 3425 331 3504 magis
351 3442 442 3506 quam
462 3420 614 3503 potentiae
634 3419 839 3480 consulebant.
880 3418 939 3479 Sed
962 3431 1026 3482 tum
1058 3422 1206 3506 legionem
1228 3412 1327 3496 5⁰49

238 3533 342 3594 Africa
370 3533 493 3614 regebat
514 3527 652 3589 Valerius
672 3529 794 3604 Festus,
826 3539 1017 3610 sumptuosae
1045 3531 1261 3593 adolescentiae

144 3708 146 3713 s
240 3663 336 3724 neque
356 3640 472 3700 modica
494 3639 623 3718 cupiens,
644 3649 673 3698 et
694 3638 837 3702 affinitate
856 3638 970 3701 Vitellii
991 3642 1106 3701 anxius.
1123 3624 1133 3638 l
1148 3643 1175 3700 ls
1195 3661 1260 3700 cre-

240 3751 301 3812 bris
320 3747 506 3810 sermonibus
526 3749 725 3812 tentavcritne
744 3747 884 3808 Pisonem
905 3748 942 3809 ad
961 3768 1010 3808 res
1029 3767 1124 3808 novas
1136 3769 1174 3808 an
1191 3757 1258 3807 ten·
1273 3738 1312 3806 So

247 3882 477 3898 Ἣ

327 3967 446 4042 oquod
461 3968 518 4037 ld³;
541 3977 595 4020 tam
620 3967 656 4034 ¹l·
678 3967 775 4018 etima
795 3969 829 4018 t:
849 3956 931 4018 ceteri
950 3968 1038 4019 etiam.

318 4078 356 4130 ¹7·
374 4063 507 4130 repetiero
520 4062 677 4116 Rhenanus:
695 4057 800 4110 codices
811 4058 923 4126 petiero.
938 4060 1001 4111 Mox
1012 4057 1100 4116 amad
1110 4075 1157 4129 pro
1168 4053 1267 4110 aelst.
