2912 4730
170 349 179 358 ’
218 402 295 488 rto„
515 351 519 356 ⁵
577 375 889 463 -ursroauauu

53 597 81 668 (a
97 596 128 653 c.
145 545 306 670 ⁶9.)opeiir
327 583 450 678 nomine
471 583 563 644 ciens.
605 583 676 646 Mox
698 603 866 646 conversus
885 581 925 642 ad
947 581 1033 664 signa
1055 591 1085 642 et
1107 575 1260 644 bellorum
1296 569 1301 574 ’

212 690 297 766 deos,
321 689 457 752 bostium
481 689 582 770 potius
604 690 785 750 exercitibus
805 689 893 750 illurn
912 688 1060 763 furorem,
1086 684 1170 750 illam
1191 685 1258 747 dis.

213 795 353 872 cordiam
382 796 542 857 iniiccrcnt
564 794 693 874 orabat,
722 795 823 858 donec
844 795 1000 856 fatisceret
1016 793 1126 856 seditio
1155 803 1188 856 et
1208 816 1261 856 ex-

213 914 312 966 tremo
333 905 395 964 iarn
414 904 465 966 die
489 924 545 965 sua
566 903 695 986 quisque
714 906 747 966 in
768 904 903 965 tentoria
913 902 1133 964 dilaberentur.
1176 901 1261 963 Pro-

213 1012 312 1073 fectus
346 1009 454 1082 eadetn
490 1021 582 1072 nocte
612 1011 781 1076 Flavianus
812 1011 911 1074 obviis
942 1011 1123 1094 Vespasiani
1153 1009 1291 1080 litteris5

213 1115 382 1180 discrimini
394 1131 549 1203 exemptus
567 1131 620 1182 est.
662 1121 821 1204 Legiones,
843 1120 928 1184 velut
940 1120 1011 1182 tabe
1026 1120 1167 1195 iniectae,
1179 1122 1289 1201 Apo-'1
1305 1119 1321 1197 1

160 1307 163 1318 ³
212 1225 301 1286 nium
333 1227 535 1288 Saturninum
553 1227 679 1289 Moesici
707 1229 857 1290 exercitus
886 1227 1036 1311 legatum*
1054 1248 1093 1290 eo
1129 1228 1261 1289 atrocius

214 1333 453 1415 adgrediuntur,
472 1334 558 1418 quod
580 1357 655 1410 non,
678 1345 713 1396 nt
733 1337 832 1417 prius,
855 1336 959 1397 labore
982 1347 1014 1398 et
1036 1355 1131 1418 opere
1152 1334 1260 1415 fessae,

106 1447 112 1464 ⁸
213 1441 270 1505 sed
288 1444 389 1504 medio
413 1443 473 1502 diei
495 1451 689 1519 exarserant,
710 1441 840 1521 volgatis
861 1442 995 1522 epistolis
1014 1463 1091 1525 quas
1117 1443 1261 1504 Saturni*

212 1571 272 1613 nus
291 1549 331 1612 ad
351 1547 511 1610 Vitellium
531 1526 690 1630 scripsisse
718 1547 916 1614 credebatur.
958 1548 1004 1610 Ut
1034 1547 1110 1609 olim
1138 1550 1261 1613 uirtutis
1274 1574 1310 1614 no

213 1657 465 1739 modestiaeque,
500 1668 576 1718 tunc
606 1657 800 1740 procacitatis
821 1665 853 1718 et
885 1657 1076 1740 petulantiae
1107 1669 1260 1722 certamen

214 1776 300 1843 erat,
329 1787 371 1828 ne
397 1767 500 1826 minus
532 1764 685 1827 violenter
705 1766 861 1848 Aponium
891 1788 985 1849 quam
1010 1766 1193 1828 Flavianum
1223 1765 1262 1826 ad

215 1872 401 1954 supplicium
422 1872 629 1956 deposcerent.
671 1875 796 1956 Quippe
808 1875 962 1936 Moesicae
977 1873 1111 1956 legiones
1123 1876 1261 1936 adiutam

215 2003 234 2044 a
255 2003 288 2043 se
308 1980 556 2043 Pannonicorum
578 1981 726 2043 ultionem
743 1980 914 2044 referentes
934 1993 965 2043 et
974 1983 1156 2060 Pannonici,
1176 1983 1262 2044 velut
1287 2058 1292 2071 ὁ

214 2089 448 2153 absolverentur
469 2092 601 2153 aliorum
621 2091 786 2168 seditione,
807 2091 921 2154 iterare
931 2089 1053 2172 culpam
1073 2089 1311 2174 gaudebant.15

213 2199 249 2261 ln
273 2199 397 2279 hortos,
428 2202 460 2262 in
485 2201 597 2284 quibus
629 2201 853 2264 devertebatur
880 2202 1088 2276 Saturninus,
1116 2211 1260 2282 pergunt.

213 2305 275 2368 Nec
309 2319 375 2370 tam
403 2309 532 2372 -Pritnus
565 2321 596 2372 et
628 2312 809 2392 Aponianus
838 2321 869 2372 et
901 2309 1047 2385 Messala,
1083 2327 1260 2390 quanquam

214 2418 298 2475 omni
321 2417 413 2478 modo
434 2419 511 2500 nisi,
542 2419 685 2500 eripuere
704 2420 932 2494 Saturninum,
965 2437 1059 2499 quam
1087 2415 1260 2476 obscuritas

214 2517 406 2585 latebrarum
426 2525 537 2604 quibus
554 2525 763 2602 occulebatur,
785 2525 960 2585 vacantium
982 2523 1061 2584 forte
1077 2519 1257 2582 balnearum

212 2629 387 2692 fornacibus
408 2629 541 2692 abditus.
583 2635 657 2693 Mox
678 2634 801 2693 omissis
815 2630 980 2690 lictoribus
1000 2630 1162 2692 Patavium
1185 2650 1257 2688 oon·
1269 2647 1310 2688 aa

213 2740 314 2797 cessit.
354 2739 503 2819 Digressu
524 2738 734 2802 consularium
753 2740 809 2800 uni
831 2735 967 2797 Antonio
988 2738 1034 2798 vis
1059 2758 1097 2798 ac
1126 2745 1257 2820 potestas

214 2843 247 2906 in
271 2855 438 2927 utrumque
456 2847 625 2908 exercitum
645 2844 715 2922 fuit,
741 2843 919 2906 cedentibus
936 2844 1059 2928 collegis
1079 2855 1110 2906 et
1122 2843 1258 2906 obversis

157 3000 162 3007 .
212 2953 347 3014 rnilitum
366 2953 484 3021 studiis.
524 2954 589 3014 Nec
610 2952 740 3014 deerant
760 2951 814 3033 qui
826 2951 989 3014 crederent
999 2963 1162 3034 utramque
1174 2950 1256 3014 sedi·

212 3059 330 3122 tionem
349 3059 458 3124 fraude
480 3062 607 3124 Antonii
628 3070 793 3142 coeptam,
824 3071 861 3122 ut
881 3062 963 3124 solus
984 3058 1065 3129 bello
1090 3061 1254 3124 frueretur.

296 3165 345 3227 Ile
366 3169 399 3228 in
420 3169 538 3230 Vitellii
556 3167 680 3250 quidem
700 3168 841 3249 partibus
862 3172 988 3253 quietae
1009 3178 1128 3230 mentes
1147 3155 1323 3235 exitio-12

211 3273 291 3333 siore
310 3272 478 3350 discordia,
497 3293 559 3334 non
582 3272 804 3352 suspicionibus
824 3275 906 3358 volgi
925 3274 979 3336 sed
992 3273 1118 3356 perfidia
1132 3271 1257 3350 ducum,

211 3379 428 3445 turbabantur.
470 3379 606 3441 Lucilius
624 3379 734 3442 Bassus
755 3379 859 3444 classis
874 3383 1061 3443 Ravennatis
1083 3381 1256 3463 praefectus

211 3485 372 3567 arnbiguos
393 3487 526 3549 militum
547 3489 676 3565 animos,
693 3490 773 3572 quod
785 3512 895 3574 magna
915 3511 987 3572 pars
996 3488 1158 3550 Dalmatae
1169 3487 1255 3547 Pau·
1429 3461 1431 3550 l

210 3595 358 3676 noniique
383 3607 486 3674 erant,
515 3616 594 3678 quae
620 3598 799 3678 provinciae
831 3597 1021 3678 Vespasiano
1052 3596 1249 3668 tenebantur,

118 3789 121 3796 γ
211 3702 349 3781 partibus
385 3705 450 3762 eius
480 3705 709 3790 adgregaveral.
756 3708 826 3770 Nox
860 3677 1027 3788 proditioni
1061 3703 1159 3770 electa
1171 3688 1200 3800 ,ὲ
1217 3714 1253 3764 ut

212 3824 491 3840 *a*

297 3913 323 3964 6,
341 3911 386 3966 Ma
405 3914 508 3969 velud:
526 3917 587 3969 edd.
605 3925 713 3988 praeter
731 3917 929 3972 Beikerianaru
949 3918 1046 3970 veluti.

273 4008 325 4060 ab.
345 4008 478 4066 militibus
496 4012 557 4078 Mi,
576 4024 603 4066 et
621 4033 648 4086 p.
673 4015 737 4082 tlt,
756 4013 781 4079 4.
801 4011 946 4072 obriti-atis
962 4031 1012 4085 pro
1033 4012 1213 4070 obtruncatis.
