2886 4726
202 339 279 462 '⁹4⁸
491 419 495 438 ,
597 359 885 426 msromanuu

58 545 85 611 (²l
99 541 128 594 ⁰·
149 543 204 612 7⁰0)
216 560 319 610 tarum
338 567 356 608 e
375 543 614 608 Mediomatricis
633 544 787 628 legionum
809 538 987 609 miserabilis
1007 547 1153 620 aspectu&
1175 527 1243 595 εἶθ·

217 657 294 716 bant
313 651 499 716 conscientia
519 650 624 734 flagitii
650 660 799 728 maestae,
830 651 894 716 iixis
925 648 958 708 in
988 655 1107 718 terram
1136 640 1245 702 oculis.

216 758 309 821 Nulla
329 759 408 829 inter
431 765 573 818 coeuntes
593 756 743 817 exercitus
763 754 973 824 consalutatio.
1015 750 1123 830 Neque
1144 745 1245 806 solan-

217 864 299 924 tibus
318 863 550 929 hortantibusve
569 882 713 944 responsa
746 859 880 938 dabant,
909 857 1007 920 abditi
1037 878 1092 942 per
1117 857 1250 918 tentoria

217 982 248 1034 et
266 943 367 1034 lucem
388 973 485 1056 ipsam
505 971 642 1034 vitantes.
683 973 746 1034 Nec
754 965 1062 1075 perindffericulum
1084 959 1282 1038 autmetns5

216 1099 307 1160 quam
337 1077 441 1160 pudor
463 1097 501 1138 ac
529 1077 659 1150 dedecus
687 1075 955 1164 obstupeboerat,
987 1072 1127 1132 attonitis
1158 1074 1249 1142 etiam

216 1188 406 1264 victoribus,
427 1188 480 1270 qui
504 1207 611 1250 vocem
630 1206 800 1270 precesquc
820 1183 965 1256 adbibere
985 1201 1048 1242 non
1068 1181 1131 1240 ausi
1155 1177 1248 1249 incri-

216 1293 275 1352 mis
292 1315 327 1354 ac
344 1293 464 1366 silentio
482 1297 605 1356 veniam
628 1293 811 1376 poscebant,
835 1291 934 1354 donec
955 1287 1080 1352 Cerialis
1100 1287 1249 1370 mulceret

216 1399 344 1478 animos,
356 1401 419 1461 fato
440 1411 508 1462 acta
530 1401 670 1462 dictitans
690 1421 769 1482 quae
789 1399 922 1472 rnilitum
942 1398 1113 1480 ducumque
1132 1396 1247 1458 discor·

216 1506 266 1566 dia
286 1507 335 1566 vel
354 1503 464 1564 fraude
483 1503 617 1564 hostium
637 1507 818 1565 evenissent.
860 1504 998 1564 Primum
1019 1501 1106 1562 iilum
1135 1505 1246 1588 stipen-
1260 1521 1299 1564 ro

215 1611 337 1677 diorum
361 1621 393 1676 et
412 1613 592 1675 sacramenti
616 1612 696 1674 diem
717 1613 888 1683 baberent:
914 1613 1056 1702 priorum
1078 1612 1247 1684 facinorum

216 1743 319 1806 neque
346 1722 561 1802 imperatorem
592 1740 689 1806 neque
725 1741 758 1790 se
794 1719 975 1796 meminisse.
1017 1720 1105 1785 Tunc
1136 1718 1249 1800 recepti

141 1847 147 1860 ·
216 1830 250 1890 in
271 1827 377 1892 eadem
397 1833 515 1905 castra,
547 1838 580 1892 ct
605 1828 737 1898 edictum
767 1850 825 1919 per
842 1827 1037 1914 manipulos,
1069 1849 1109 1894 ue
1129 1830 1195 1908 quis
1216 1830 1249 1891 iu

135 1939 142 1958 ¹
218 1937 382 1999 masmine
398 1937 536 2019 iurgiove
546 1935 727 2010 seditionem
736 1946 791 1999 ant
801 1933 917 2010 cladem
930 1936 1131 2006 commilitoni
1142 1935 1246 1997 obiec-

214 2054 306 2108 taret.
347 2047 420 2120 Mox
439 2045 591 2110 Treveros
614 2067 651 2108 ac
672 2047 824 2129 Lingonas
843 2044 885 2108 ad
915 2044 1095 2111 concionem
1124 2054 1247 2107 vocatos
1262 2051 1296 2112 15

126 2153 133 2160 '
214 2154 259 2214 ita
278 2151 465 2234 adloquitur.
507 2150 635 2233 „Neque
657 2171 712 2234 ego
746 2173 882 2234 unquam
909 2151 1084 2228 facundiam
1114 2151 1244 2227 meroni,
1260 2148 1312 2238 73

216 2267 248 2320 et
267 2257 376 2338 populi
390 2257 521 2318 Romani
542 2256 686 2323 virtutem
703 2258 794 2331 armis
806 2255 966 2321 affirmavi.
1009 2258 1071 2320 Sed
1083 2261 1154 2342 quia
1166 2259 1247 2341 apud

213 2383 272 2426 vos
293 2365 387 2437 verba
407 2365 573 2448 plurimum
601 2366 722 2444 valent,
751 2367 892 2452 bonaque
920 2389 956 2430 ac
987 2367 1068 2431 mala
1096 2389 1159 2443 uoq
1192 2391 1246 2439 sua

216 2482 325 2534 natura
349 2473 401 2534 sed
419 2472 550 2538 vocibus
569 2471 783 2532 seditiosorum
803 2474 1009 2550 aestimantur,
1028 2478 1121 2550 statui
1147 2497 1245 2560 pauca

219 2577 386 2650 disserere,
420 2598 498 2658 quae
527 2578 689 2660 profligato
714 2577 794 2636 bello
814 2576 918 2640 utilius
945 2579 984 2640 sit
1013 2581 1100 2644 vobis
1127 2582 1298 2652 audisscso

217 2704 310 2764 quam
328 2682 413 2744 uobis
436 2682 555 2746 dixisse.
598 2683 731 2745 Terram
764 2694 892 2744 vestram
914 2696 1150 2772 ceterorumque
1168 2691 1244 2758 Gal.

217 2790 321 2852 lorum
341 2791 469 2878 ingressi
497 2801 568 2852 suut
593 2790 685 2864 duces
721 2792 982 2876 imperatoresque
1005 2794 1140 2856 Romani
1162 2798 1245 2860 nulla

218 2896 377 2980 cupidine,
398 2894 450 2956 sed
473 2895 637 2961 maioribus
659 2898 765 2976 vestris
784 2900 1003 2974 invocantibus,
1028 2923 1107 2984 quos
1128 2904 1246 2966 discor.

218 3006 397 3089 dicensque
419 3003 460 3068 ad
472 3005 598 3070 exitium
615 3005 801 3088 fatigabant3
822 3017 852 3067 et
870 3009 957 3080 acciti
978 3009 1089 3077 auxilio
1100 3011 1245 3084 Germani

217 3117 305 3178 sociis
325 3114 442 3197 pariter
461 3123 552 3196 atque
565 3111 701 3182 hostibus
719 3113 893 3184 servitutem
915 3115 1130 3196 imposuerant,
1161 3119 1296 3194 Quatafi

215 3222 339 3306 praeliis
360 3221 505 3284 adversus
518 3220 657 3294 Cimbros
669 3221 897 3307 Tacturusque,
921 3223 1042 3306 quantis
1054 3225 1243 3288 exercituum

216 3343 391 3394 nostrorum
413 3327 570 3390 laboribus
589 3349 691 3412 quove
718 3339 829 3392 eventu
850 3328 1031 3400 Germanica
1061 3327 1141 3391 bella
1164 3341 1244 3403 trac·

217 3441 399 3517 taverimus,
418 3434 489 3500 satis
506 3434 636 3498 clarum.
677 3435 742 3498 Nec
762 3435 830 3496 ideo
852 3435 993 3496 Rhenum
1013 3437 1176 3500 insedimus
1208 3450 1243 3498 ut

216 3543 334 3608 ltaliam
353 3558 529 3624 tueremur,
548 3544 603 3607 sed
625 3564 664 3606 ne
689 3541 851 3628 quisalius
873 3542 1045 3606 Ariovistus
1063 3541 1243 3626 regnoGal-

216 3653 329 3714 liarum
349 3665 519 3736 poteretur.
559 3653 609 3714 An
639 3673 695 3715 vos
722 3653 860 3714 cariores
878 3650 970 3714 Civili
998 3651 1181 3734 batavisque
1211 3657 1295 3721 'ct50

216 3759 457 3823 Transrhenanis
478 3760 616 3845 gentibus
636 3758 755 3824 creditis
776 3780 867 3844 qnam
886 3759 1050 3823 maioribus
1070 3779 1174 3822 eorum
1186 3778 1241 3840 pa·
1312 3837 1315 3846 ι

137 3913 139 3924 Ι
215 3907 471 3922 W

291 3990 330 4042 ¹7·
348 3971 397 4027 scd
413 3989 483 4050 quae
502 3970 551 4022 Μ’.
