2880 4720
234 413 299 487 aar
566 408 638 499 ⁴us
661 397 925 472 οιιιιτοιιιιιιι

235 599 299 658 cius
320 603 415 678 partes
435 587 533 655 secras
553 602 585 657 et
605 591 791 655 venerabiles
810 579 911 672 put03·
934 601 988 650 nec
1010 573 1112 649 solum
1132 577 1262 664 'cothus-⁶

235 704 309 764 num
328 700 461 763 uestrum
482 681 534 760 aut
554 687 667 760 heroici
691 699 830 760 carminis
860 683 991 781 sonum,
1012 691 1064 757 sed
1091 693 1261 795 lyricorum

233 827 355 892 qunque
378 805 595 870 iucunditatem
622 817 651 868 et
683 791 834 887 elegorum
864 804 1001 865 lascivias
1030 811 1061 862 et
1088 789 1261 863 iamborum

232 914 463 979 amaritudinem
480 924 511 976 st
531 915 779 996 epigrammatum
793 888 874 972 lusus
894 920 925 971 et
938 927 1149 995 quamcunque
1169 877 1258 968 aliam

226 1023 363 1122 'speciem
384 1009 557 1104 elnq‘ueotia
576 1009 703 1098 habeat,
725 1016 967 1120 anteponendam
989 1014 1099 1076 ceteris
1127 1016 1296 1082 alierum&

141 1121 143 1128 ’
210 1133 344 1192 *artium
362 1131 469 1192 studiis
489 1127 608 1192 oredo.
633 1113 693 1190 Sed
713 1113 812 1189 tecum
833 1126 925 1205 milri,
946 1114 1104 1203 Materne,
1134 1145 1179 1187 res
1198 1135 1259 1200 est,

219 1238 316 1320 .quod
336 1246 405 1300 cum
442 1247 549 1298 nature
580 1235 631 1298 tua
653 1237 685 1296 in
707 1237 802 1318 ipsam
827 1255 929 1299 arcem
950 1205 1139 1316 eloquentiae
1169 1233 1260 1310 serat,

233 1367 334 1406 errare
349 1331 448 1407 'mavis'
468 1355 498 1407 et
519 1349 634 1406 suuima
655 1327 830 1426 adeptusin
852 1343 1016 1404 levioribus
1036 1343 1183 1403 subsistis.
1213 1341 1262 1402 Ut
1285 1351 1291 1364 '
1316 1349 1324 1367 '

233 1451 258 1510 si
277 1451 309 1510 in
332 1451 458 1511 Graecia
477 1453 677 1526 natusesses',
703 1448 758 1518 uhi,
777 1441 907 1508 ludicras
929 1469 1050 1530 quoque
1070 1459 1152 1508 artes
1173 1466 1264 1507 exer-

236 1557 308 1616 cere¹
325 1555 484 1614 honestum
506 1565 586 1630 est,
609 1574 643 1614 ac
671 1553 727 1614 tibi
744 1555 907 1615 Nicostrati
920 1555 1026 1614 ‘robur
1056 1575 1102 1614 ac.
1123 1533 1200 1615 vires
1227 1549 1312 1620 diro

235 1661 403 1738 dedissent,
428 1664 489 1721 non
510 1671 631 1743 paterer
654 1663 798 1748 immanes
819 1662 886 1723 illos
908 1673 940 1724 et
959 1662 997 1722 ud
1018 1643 1152 1744 pugnarn
1172 1671 1260 1724 natos

236 1767 362 1828 lacertos
385 1765 510 1828 levitate
529 1765 621 1826 iaculi
644 1761 697 1826 aut
717 1769 797 1828 iectu
817 1767 893 1828 disci
910 1789 1092 1846 vanescere,
1120 1770 1162 1830 sic
1181 1789 1263 1844 nune

235 1882 269 1936 te'
288 1875 330 1936 ab
348 1875 509 1936 auditoriis
525 1885 556 1937 et
578 1875 734 1937 theatris
726 1897 757 1936 ιιι
783 1875 883 1936 forum
908 1885 937 1936 et
960 1875 998 1936 ad
1031 1895 1133 1960 causus
1163 1885 1194 1934 et
1223 1875 1261 1936 nd

236 2003 308 2043 vcra
325 1979 452 2064 praelia
472 1989 568 2060 voco,
602 2003 670 2044 curn
698 1971 871 2066 praesertim
901 1973 938 2044 ne
966 1982 1003 2042 ad
1030 1955 1109 2042 illud
1139 1981 1260 2062 quidern'
1303 2043 1306 2046 ,

236 2083 396 2174 confugere
421 2079 535 2174 possis,
566 2093 648 2174 quod
682 2093 834 2185 plerisque
860 2071 1082 2175 patrocinatui,
1116 2099 1260 2177 tunquam
1274 2097 1309 2158 15

235 2199 336 2258 minus
356 2198 519 2260 obnoxium
550 2200 595 2260 sit
614 2197 763 2298 offendere
794 2208 952 2298 poetarum
988 2219 1077 2280 quarn
1107 2208 1260 2272 oratorum

215 2297 378 2364 studium.
422 2282 607 2366 Effervescet
628 2302 709 2366 enirn
730 2307 777 2366 vis
797 2297 1016 2388 pulcherrimae
1026 2315 1153 2364 naturae
1172 2313 1258 2362 tone:

143 2473 144 2479 χ
237 2424 294 2471 nec
312 2431 370 2492 pro
393 2413 491 2471 amico
511 2412 629 2492 aliquo,
652 2400 703 2472 sed
724 2410 807 2494 quod
828 2408 1023 2492 periculosius
1043 2419 1101 2479 est,
1127 2429 1186 2489 pro
1203 2408 1259 2466 Ca·

131 2539 134 2562 ³
238 2513 318 2578 tone
332 2517 472 2580 offendes.
514 2503 578 2580 Nec
599 2523 755 2581 excusetur
782 2518 895 2580 offensa
921 2501 1141 2580 necessitudine
1171 2514 1291 2602 officii,

139 2613 141 2621 ’
203 2615 205 2620 ’
238 2623 292 2688 aut
313 2608 371 2688 fide
392 2627 594 2688 advocationis
617 2639 669 2688 aut
688 2627 829 2688 fortuitae
850 2627 1016 2688 etsubitae
1036 2627 1175 2687 dictionis
1205 2625 1310 2709 imyao

239 2732 314 2814 peto
326 2741 344 2792 ι’
360 2723 520 2793 meditatus
539 2733 675 2810 videris,
689 2744 742 2795 aut
765 2733 888 2814 elegisse
908 2754 1064 2815 personam
1097 2720 1262 2796 notabilem
1321 2809 1324 2820 Ι

242 2852 358 2903 etcum
379 2841 558 2902 auctoritate
576 2834 735 2923 dicturam.
774 2841 879 2904 Sentio
899 2843 972 2925 quid
994 2821 1170 2925 responderi
1187 2863 1261 2922 pos-

238 2945 292 3008 sit:
315 2941 391 3006 hiric
409 2945 536 3026 ingentis
560 2955 606 3022 [ex
625 2935 681 3023 bis]
702 2967 846 3024 assensus,
868 2947 941 3009 baec
962 2949 992 3008 in
1012 2949 1083 3030 ipsis
1099 2949 1261 3012 auditoriis

133 3138 136 3150 γ
161 3105 162 3111 ,
238 3051 401 3137 praecipue
423 3053 541 3116 laudari
563 3065 594 3117 et
615 3077 682 3116 mox
701 3057 835 3118 omnium
856 3055 1042 3117 sermonibus
1065 3057 1153 3118 ferri.
1174 3055 1280 3124 Tolle

239 3165 330 3246 igitur
351 3163 458 3246 quietis
478 3175 508 3224 et
526 3166 694 3226 securitatis
717 3164 955 3242 excusationem,
983 3185 1053 3224 cum
1084 3165 1139 3224 tibi
1161 3179 1305 3239 sumas25

239 3269 444 3332 aduersarium
464 3274 660 3354 superiorem.
700 3272 790 3334 Nobis
811 3275 884 3344 satis
905 3273 944 3332 sit
964 3271 1095 3353 prIvatas
1115 3282 1148 3332 et
1165 3275 1257 3331 nostri

241 3380 350 3473 saeculi
373 3381 591 3442 controversias
612 3380 703 3458 tueri,
726 3380 757 3441 in
779 3375 889 3461 quibds
912 3379 1080 3460 [expressis]
1102 3379 1258 3470 siquando

240 3469 358 3544 necesse
376 3485 414 3544 sit
435 3506 490 3566 pro
512 3485 700 3566 periclitante
720 3487 816 3546 amieo
835 3485 1039 3568 potentiorum
1060 3506 1148 3545 aures
1164 3482 1257 3544 offen·

239 3585 331 3666 dere,
353 3601 383 3652 et
405 3594 528 3691 probata
549 3596 588 3654 sit
608 3595 679 3656 fides
698 3603 727 3654 et
747 3593 866 3656 libertas
887 3604 1033 3656 excusata.

214 3725 217 3730 ·
323 3701 409 3777 Quae
429 3724 497 3764 cum
519 3702 638 3764 dixisset
659 3703 741 3784 Aper
760 3705 872 3778 acrius,
893 3713 928 3764 ut
948 3703 1089 3778 snlsbnt,
1102 3692 1315 3771 etintentoll
1419 3707 1420 3762 ἶ

244 3793 318 3883 oie,
339 3805 478 3870 remissus
498 3821 528 3872 et
558 3797 714 3872 subridens
739 3813 911 3884 Maternus,
942 3811 1122 3886 Parantern,
1150 3808 1257 3890 inquit,

328 3962 353 4027 d
374 3973 399 4012 et
416 3968 478 4012 ante
497 3964 717 4040 epigrammatum
736 3965 769 4016 ab
789 3963 967 4016 Acidalint
928 3970 973 4014 est.

311 4062 353 4110 31
372 4059 525 4118 l'mffnntem
547 4059 649 4146 inquit]
671 4059 808 4130 Fpnrant
828 4077 898 4112 enim
916 4057 990 4129 quid
1029 4031 1123 4116 trivida
1143 4055 1267 4125 syllabas
