2880 4720
590 379 681 442 cte.
705 381 840 462 17-192
1156 383 1217 448 ara

123 604 125 608 .
199 558 327 632 Caecum
349 556 441 636 inagis
462 530 669 622 mirarentur?
689 557 759 616 satis
778 549 898 619 'constat
918 575 956 616 oe
980 558 1120 620 Ciceroni
1150 562 1220 642 qni·
1252 605 1262 614 -

199 661 268 722 dem
287 662 504 724 obtrectatores
523 661 670 738 defuisse,
689 662 801 741 quilius
825 659 946 722 intlatus
966 673 995 722 et
1016 673 1135 724 tumens
1164 685 1221 726 neo

197 767 268 824 satis
291 783 432 846 pressus,
451 767 502 828 sed
522 787 612 848 supra
635 765 757 826 modum
780 761 930 827 exsultans
951 778 980 826 et
997 767 1178 848 superfluens
1191 777 1224 830 et

113 938 115 944 Ι
198 855 440 950 parumAttietri
458 871 626 932 videretur.
670 870 795 951 Legistir
819 873 925 952 utique
945 880 977 932 et
990 873 1074 934 Calvi
1096 884 1126 934 et
1140 875 1225 936 Bruti

173 963 237 1036 5'ad
260 979 433 1038 Ciceronem
455 979 558 1038 missas
579 974 741 1056 epistolas,
763 999 797 1038 etr
816 979 928 1058 quibua
947 977 1032 1040 facile
1050 991 1094 1042 est
1112 981 1226 1063 'depre.
1287 1021 1293 1040 a

200 1083 332 1148 bendere
351 1065 482 1147 Calvino
503 1083 625 1166 quidem
640 1085 781 1144 Ciceroni
806 1087 903 1144 visum
925 1090 1101 1167 erieonguem
1122 1100 1153 1150 et
1166 1088 1224 1149 ad.

179 1177 327 1269 tritum,
351 1193 479 1252 Brutum
501 1203 603 1252 eutem
627 1193 759 1252 otiosum
785 1202 876 1272 atque
894 1189 1085 1263 diiunctum
1108 1211 1226 1252 rursus.

202 1317 261 1378 que
282 1297 458 1360 Ciceronem
481 1321 498 1358 a
519 1297 613 1358 Calvo
634 1298 755 1378 quidem
777 1300 855 1358 male
875 1298 995 1358 audisse
1015 1308 1159 1380 tanquam
1176 1317 1226 1358 eo·

201 1404 299 1472 lutona
317 1418 348 1466 et
369 1427 523 1483 enarrem,
546 1427 564 1464 a
585 1407 680 1464 Bruto
706 1415 829 1482 autem,
852 1378 885 1464 ul
907 1407 997 1485 ipsius
1018 1404 1117 1464 verbis
1145 1412 1226 1475 utar,

159 1520 343 1593 rotenqnam
367 1501 495 1601 fraciam
517 1521 607 1592 atque
630 1511 790 1576 elumbem.
831 1509 862 1570 Si
876 1531 924 1570 me
939 1513 1229 1590 interrogas,omoee

201 1618 275 1678 mihi
297 1599 438 1678 ridentur
456 1637 564 1678 varum
576 1615 691 1676 dixisse.
731 1617 790 1678 Sed
800 1613 872 1676 'mox
888 1617 926 1676 ad
940 1617 1071 1696 singulos
1086 1616 1228 1676 veniatur

140 1707 283 1790 lilnune
304 1722 377 1782 milri
399 1743 468 1794 eum
482 1721 798 1802 universistnegotium
821 1730 876 1782 est.
916 1725 990 1784 Nam
1009 1718 1156 1802 quateaus
1169 1741 1227 1780 an-

80 1081 86 1117 l

202 1813 356 1910 tiqoorum
383 1829 582 1890 admiratores
612 1827 695 1890 hune
728 1826 813 1890 reiut
842 1831 1007 1890 terminum
1039 1827 1230 1909 antiquitatis

203 1937 387 1996 constituere
406 1932 539 2013 solent‚·
559 1955 651 2014 quern
671 1954 765 2012 usque
789 1932 827 1990 ad
855 1933 989 1992 Cassium
1012 1935 1156 2008 Severum
1184 1937 1230 1996 fa-

160 2042 300 2114 15ciuot,
326 2043 565 2122 quamprimum
586 2017 737 2099 affirmari
756 2037 869 2096 tlexisee
890 2038 1000 2096 abillo
1022 2052 1121 2098 vetere
1139 2051 1232 2121 atque

205 2147 318 2206 directa
348 2147 470 2205 dicendi
496 2145 567 2218 via,
598 2161 659 2204 oon
675 2137 857 2200 infirmitate
884 2143 996 2224 ingenii
1026 2165 1082 2204 neo
1111 2144 1231 2206 inscitia
1255 2151 1260 2160 ’

207 2250 376 2310 litterarum
400 2246 586 2308 transtulisse
608 2266 639 2305 se
658 2245 697 2304 ad
731 2244 762 2304 id
792 2242 910 2306 dicendi
941 2267 1033 2336 genus
1065 2249 1230 2326 contendo,

207 2343 260 2418 sed
283 2355 393 2416 iudicio
415 2365 444 2414 et
465 2351 640 2431 *intelleetm
683 2350 768 2413 Vidit
796 2371 943 2433 namque,
977 2364 1011 2414 ut
1040 2354 1133 2434 paulo
1161 2365 1232 2416 ante

209 2459 366 2538 dicebam,
388 2479 466 2519 cunr.
479 2455 657 2530 condicione
678 2467 849 2536 temporum
868 2469 897 2518 et
917 2456 1092 2520 diversitate
1113 2461 1234 2522 aurium
1288 2488 1293 2508 =

164 2571 337 2631 reformant
357 2585 478 2649 quoque
491 2586 526 2624 ao
538 2563 667 2644 speciem
686 2563 833 2622 orationis
848 2562 1112 2625 esae'utirtaodam.
1134 2563 1236 2628 Facile

209 2677 375 2758 perferebat
397 2674 486 2754 prior·
502 2669 551 2730 ille
572 2667 725 2748 populna,
744 2678 776 2726 ut
796 2669 950 2748 imperitus
967 2680 998 2728 et
1019 2672 1114 2744 rudis,
1138 2672 1232 2750 impe·

212 2781 428 2844 ditissimarum
444 2779 614 2838 orationum
634 2776 750 2855 spatia3
772 2784 862 2856 atque
882 2775 913 2836 id
934 2776 1032 2857 ipsum
1067 2780 1163 2842 laudi¹
1178 2783 1234 2842 da.

304 3027 327 3066 r.
348 3025 381 3062 ne
399 3009 420 3060 t.
437 3008 479 3056 Fr.
498 3005 663 3060 Gronoviua:
682 3006 788 3058 codices
807 3021 865 3060 nee.

303 3101 327 3167 4.
346 3101 451 3152 Atticus
471 3085 598 3178 Lipiiaar
622 3082 732 3150 corticea¹
747 3100 887 3173 antiquas.
915 3127 947 3140 -
964 3099 1070 3170 Atticae
1098 3087 1237 3171 quarrada

218 3195 352 3264 corrumpi
368 3194 491 3264 potuerit
513 3191 544 3242 in
571 3195 782 3264 antiquar,·ex
810 3190 946 3244 scribendi
971 3194 1077 3244 ratione
1104 3194 1239 3246 veteribaa

219 3287 333 3358 probata
354 3290 464 3340 anticus
482 3293 604 3356 apparet.
638 3287 679 3337 De
696 3290 730 3337 iis
756 3289 894 3339 Ciceronis
919 3285 1166 3348 obtrectatoribus,
1191 3286 1241 3356 qui

220 3382 308 3431 Attice
320 3395 348 3430 se
361 3380 436 3448 loqui
449 3379 623 3443 denotabant,
639 3383 707 3431 conl.
726 3382 781 3438 Cio.
804 3381 877 3437 Orat.
896 3397 962 3448 7-9
980 3387 1008 3430 et
1029 3383 1071 3432 23.
1103 3380 1176 3431 Brut.
1199 3379 1242 3433 82.

222 3474 332 3528 Toacul,
345 3473 432 3546 ¹lI,'1.
460 3473 576 3543 Quintil.¹
593 3477 615 3524 Ι.
634 3477 664 3528 0.
685 3473 751 3535 ΧΗ,
777 3464 825 3536 lo,
845 3478 949 3542 ta-rt.
987 3473 1148 3542 corruptam
1165 3475 1243 3528 enti-

215 3586 290 3642 ‚quua
310 3584 403 3636 parum
431 3547 547 3618 feliciter
578 3565 700 3618 defendit
718 3565 878 3617 Waltlterttr.

296 3679 333 3714 rr·
358 3659 486 3716 videntur
511 3662 630 3730 Lipaiua:
655 3659 676 3710 F
697 3657 816 3718 videtur.
850 3660 914 3712 Mox
938 3659 976 3726 ti.
1000 3661 1126 3714 Severum
1147 3660 1245 3711 Puteo·
1279 3711 1281 3715 ,

222 3755 315 3806 lanua:
334 3756 354 3813 F
371 3771 449 3824 quem
467 3769 549 3806 reum.
585 3753 659 3804 Idem
682 3769 719 3821 ¹7·
737 3750 810 3806 iliud
820 3790 828 3816 ,
846 3749 956 3808 nonid.

264 3907 269 3924 ι
295 3864 336 3902 nr.
356 3847 619 3920 impeditissimarum
641 3847 659 3898 1.
683 3847 726 3899 Fr.
751 3847 920 3906 Gronoviur'r
956 3845 1063 3901 codices
1097 3841 1245 3916 imperitia·
1285 3873 1287 3876 -

230 3960 364 3997 simarum.
