2886 4726
500 417 574 478 Llli.
598 416 649 479 tv.
673 419 760 481 CAP.
784 423 917 489 83286.
1167 373 1251 497 atti

206 595 325 678 origine
345 603 377 657 et
398 594 526 656 advectu
550 596 597 658 dei
618 595 823 660 celeberrima.
866 601 929 661 Nec
948 621 1014 662 sum
1026 606 1150 685 ignarus
1165 627 1229 670 esse
1242 620 1267 683 (ι
1288 615 1318 676 C,
1332 616 1386 685 7⁰·)

205 700 355 783 quosdam
376 703 427 784 qui
450 703 590 766 Seleucia.
607 705 685 765 urbe
704 703 809 788 Syriae
829 708 980 786 accitum,
1006 721 1149 788 regnante
1159 711 1230 772 Pto·
1437 695 1438 706 ἵ

205 809 318 878 lernaea
340 833 429 893 quem
449 815 541 874 tertia
560 825 640 874 aetas
661 803 751 884 tulin
773 812 825 874 alii
847 825 999 876 auctorem
1014 815 1143 878 eundem
1155 818 1231 880 Pto·

166 943 167 948 *
201 912 369 996 lernaeum,
407 919 507 982 sedem
535 941 569 980 ex
592 941 652 999 qua
682 918 836 980 transierit
859 921 1025 1002 Memphim
1057 925 1231 1007 perhibent,

94 1065 96 1070 .
176 1022 349 1098 fiinclutam
371 1023 494 1088 elimet
516 1027 625 1086 veteris
646 1025 778 1106 Aegypti
810 1026 958 1088 columen.
1001 1029 1100 1090 Deum
1133 1032 1232 1113 ipsum

181 1129 291 1210 'multi
313 1113 533 1214 Aesculapium,
559 1131 647 1214 quod'
664 1133 821 1194 medeatur
842 1137 939 1216 aegris
958 1134 1152 1216 corporibus,
1166 1141 1231 1220 qui·

204 1237 273 1296 darn
295 1239 414 1316 Osirin,
437 1242 679 1322 antiquissimum
700 1241 760 1302 illis
778 1243 920 1326 ,gentibus
940 1265 1074 1318 numen,
1094 1242 1231 1326 plerique

201 1346 305 1416 lovem
327 1359 362 1408 ut
383 1369 493 1411 rerum·
509 1341 644 1426 omnium
661 1359 824 1426 potentem,
844 1349 965 1430 plurimi
979 1326 1080 1410 Diiem
1102 1361 1228 1430 patrem,

125 1426 130 1435 η
200 1451 365 1532 insignibus
379 1457 498 1534 quaein
511 1455 574 1533 ipso
586 1454 742 1514 manifesta
764 1467 815 1514 aut
826 1477 885 1538 per¹
894 1455 1033 1536 ambages
1047 1459 1226 1518 coniectent.

131 1534 187 1612 85
278 1559 319 1618 At
341 1560 536 1622 Domitianus
559 1562 779 1643 Mucianusque
811 1571 973 1642 antequam
997 1563 1124 1644 Alpibus
1153 1587 1228 1646 pro·

196 1668 388 1748 pinqnarent,
410 1649 570 1750 prosperos
592 1690 691 1730 rerum
712 1671 745 1730 in
766 1671 910 1732 Treveris
931 1681 1086 1752 gestarum
1105 1664 1248 1734 nuntios*

195 1791 351 1852 accepere.
395 1772 564 1854 Praecipua
583 1775 729 1836 victoriae
750 1775 823 1836 fides
847 1776 905 1836 dur
930 1761 1064 1838 bostium
1086 1779 1226 1840 Valenti-

194 1901 264 1958 nus,
286 1900 475 1962 nequaquam
491 1876 609 1941 abiecto
631 1883 745 1956 animo,
766 1903 841 1964 qnos
852 1884 972 1964 spiritus
985 1885 1129 1963 gessisset,
1140 1885 1225 1946 voltu

194 1985 318 2048 ferebat.
359 1987 490 2047 Auditus
513 1989 581 2048 ideo
602 1998 722 2050 tantum
743 1998 778 2050 ut
790 1999 966 2050 nosceretur
977 1989 1129 2070 ingenium
1146 1992 1221 2064 eins,

148 2093 411 2174 &damnatusque
433 2096 510 2152 inter
537 2098 634 2172 ipsum
666 2096 849 2172 supplicium
878 2095 1074 2171 exprobranti
1103 2096 1225 2158 cuidam

194 2201 323 2278 petriam
342 2203 406 2256 eius
430 2207 550 2276 captam
572 2201 709 2277 accipere
730 2219 761 2258 se
789 2198 928 2258 solatium
958 2203 1066 2258 mertis
1096 2224 1221 2282 respon«
1310 2245 1316 2270 ι

193 2305 247 2374 dit.
289 2303 349 2364 Sed
375 2303 532 2373 Mucianus
552 2303 634 2382 quod
656 2303 710 2360 din
731 2301 937 2364 occultaverat
968 2317 1001 2367 ut
1030 2328 1136 2368 recens
1170 2325 1221 2370 eit.

193 2411 360 2492 prompsit:
383 2411 531 2496 queniam
543 2397 728 2490 benignitate
751 2409 843 2468 deum
863 2410 977 2470 fractae
997 2411 1129 2471 hostium
1142 2413 1221 2475 vires

192 2517 312 2595 forent,
337 2539 445 2599 parum
467 2517 579 2581 decore
604 2516 814 2576 Domitianum
848 2515 985 2578 confecto
1016 2537 1108 2602 prope
1141 2519 1221 2582 bello

142 2646 181 2689 aa
192 2627 306 2686 alienae
325 2626 438 2708 gloriae
456 2629 714 2686 interventurum.
757 2625 790 2684 Si
813 2634 909 2686 status
930 2625 1049 2706 imperii
1072 2637 1125 2694 aut
1139 2621 1240 2690 salus
1299 2676 1300 2686 ,

193 2733 358 2796 Galliarum
380 2736 412 2794 in
436 2735 609 2806 discrimine
630 2743 822 2810 verteretur,
844 2733 981 2794 debuisse
1003 2733 1194 2820 Caesarem
1186 2759 1217 2796 ιιι

191 2843 254 2898 acie
274 2849 370 2900 stare:
396 2815 608 2914 Canninefates
629 2841 814 2918 Batavosque
835 2839 1000 2900 minoribus
1023 2816 1149 2902 ducibus
1163 2843 1217 2904 de-

194 2946 347 3024 legandos.
388 2949 475 3030 lpse
485 2947 624 3044 Lugduni
657 2946 717 3006 vini
747 2946 964 3026 fortunamque
990 2948 1175 3026 principatus
1201 2969 1248 3010 e

194 3055 332 3132 proximo
356 3063 528 3130 ostentaret,
551 3075 605 3114 uec
627 3057 725 3135 parvis
748 3055 888 3136 perieulis
909 3055 1060 3113 immixtus
1081 3064 1111 3112 et
1124 3057 1217 3114 maio

125 3158 180 3236 86
194 3161 277 3223 ribus
297 3182 361 3234 nou
377 3159 544 3220 defuturus.
585 3157 841 3246 Intellegebantur
855 3170 943 3234 artes,
967 3159 1019 3218 sed
1038 3179 1107 3238 pars
1126 3159 1216 3219 obse.

191 3269 253 3348 quii
276 3269 308 3327 in
330 3289 365 3328 ee
386 3288 424 3326 ne
446 3265 759 3350 deprehenderentur.
803 3269 846 3326 lta
872 3249 1053 3354 Lugdunum
1076 3276 1213 3338 ventum.

190 3375 281 3434 Unde
313 3375 449 3439 creditur
477 3372 670 3432 Domitianus
695 3372 822 3432 occultis
856 3372 895 3432 ad
925 3370 1071 3432 Cerialem
1102 3374 1214 3433 nuntiis

190 3483 280 3574 fidem
301 3485 364 3542 eius
385 3461 567 3552 tentavisse,
591 3500 629 3538 an
651 3483 803 3560 praesenti
832 3479 891 3539 sibi
926 3477 1089 3538 exercitum
1117 3479 1215 3558 impe-

190 3593 328 3678 riumque
349 3559 514 3669 traditurus
536 3591 627 3648 foret
671 3588 739 3668 Qua
759 3587 939 3668 cogitatione
964 3583 1076 3644 bellum
1102 3579 1214 3645 adver·

141 3716 240 3775 30sus
260 3709 375 3778 patrem
395 3695 554 3776 agitaverit
575 3715 612 3753 an
634 3714 701 3774 opes
728 3695 868 3774 viresque
899 3691 1045 3752 adversus
1071 3691 1212 3769 fratrem,

190 3807 221 3862 in
240 3805 358 3864 incerto
379 3804 454 3862 fuit:
487 3823 555 3862 narn
576 3799 700 3862 Cerialis
720 3800 835 3862 salubri
853 3809 1089 3880 temperamento
1123 3796 1213 3861 elusit

262 4021 301 4081 aa.
322 3981 471 4068 ostentaret
490 4013 648 4081 Rhenanus:
670 4011 775 4061 codices
795 4021 939 4063 ostentare.

971 4111 1007 4171 17
