2886 4726
529 431 605 490 urs.
624 428 679 490 rr.
701 427 788 490 nar.
813 388 948 491 ort-¹57.
1171 427 1233 492 uss

175 581 178 590 Ι
208 611 383 698 custodibus
402 578 552 696 perfdgit3
585 611 813 695 pollicitusque,
846 609 873 669 si
893 587 1232 690 praesidium'daretnr,
1246 607 1275 672 (a
1292 599 1322 652 c.
1343 603 1395 668 qo.)

209 721 321 778 iturum
344 723 376 780 in
405 720 536 782 Batavos
564 729 594 780 ot
621 717 772 800 potiorem
793 714 921 779 civitatis
940 721 1059 796 portent
1078 710 1118 772 ad
1138 713 1234 772 socie·

207 834 299 886 tatem
319 801 485 890 Romanam
509 836 722 903 retracturum,
743 833 866 906 accepta
887 822 1020 904 peditum
1038 823 1234 904 equitumque
1338 891 1340 898 Α

201 933 326 994 *modica
347 957 439 998 maun
467 936 544 998 nihil
572 935 657 1018 apud
670 934 807 996 ¹Batavos
828 949 917 994 ausus
939 929 1083 1013 quosdam
1106 929 1233 992 Nervioe

178 1027 277 1102 5rnm
302 1044 553 1128 Betasiornmqne
573 1047 604 1104 in
627 1062 713 1104 arma
735 1042 840 1116 traxit,
860 1049 891 1101 et
912 1040 1015 1100 furtim
1031 1037 1125 1120 magis
1141 1057 1233 1117 quam

207 1146 287 1208 bello
309 1147 521 1211 Canninefates
542 1152 753 1230 Marsacosque
773 1145 959 1232 incursabat.
1002 1145 1116 1207 Vocula
1130 1141 1234 1204 Gallo·

141 1229 194 1307 57
208 1275 276 1314 rum
293 1255 401 1318 fraude
421 1257 542 1320 illectus
558 1258 597 1318 nd
618 1258 733 1318 bostem
754 1255 920 1316 contendit.
963 1253 1026 1314 Nec
1049 1249 1153 1334 procul
1172 1251 1233 1312 Ve-

71 1343 74 1359 ’
209 1365 325 1426 teribus
345 1367 467 1442 aberat,
504 1387 572 1428 cum
598 1363 747 1425 Classicus
767 1375 813 1424 'ac
833 1363 935 1422 Tutor
955 1381 1010 1441 per
1032 1360 1159 1442 speciem
1180 1377 1233 1420 ex.

206 1467 352 1548 plorandi
383 1473 550 1554 praegressi
580 1491 651 1530 cum
680 1469 809 1529 ducibus
830 1469 1052 1528 Germanorum
1074 1475 1162 1546 pacta
1181 1465 1234 1525 lir-
1284 1532 1288 1540 ¹

160 1585 335 1638 1⁰mavere.
388 1575 530 1660 Tumque
558 1579 691 1659 primum
716 1575 836 1639 discreti
869 1595 888 1634 a
918 1571 1088 1655 legionibus
1108 1570 1238 1652 proprio.

204 1681 284 1744 vallo
307 1693 405 1744 cestra
425 1703 481 1744 sna
501 1681 717 1761 circumdant,
744 1681 915 1743 obtestante
934 1676 1052 1740 Vocula
1075 1697 1135 1736 nou
1159 1675 1233 1738 adeo

206 1789 358 1852 turbatam
380 1769 522 1852 civilibus
543 1793 635 1852 armis
652 1805 718 1854 rem
729 1791 912 1864 Romanam,
927 1797 962 1848 ut
985 1788 1129 1850 Treveris
1143 1786 1235 1848 etiem

203 1896 454 1983 Lingonibusque
474 1899 625 1984 despectui
654 1900 705 1968 sit.
746 1897 907 1981 Superesse
937 1895 1009 1957 fidas
1042 1894 1234 1980 provincias,

204 2007 333 2068 victores
354 1996 519 2087 exercitus,
555 2009 709 2070 fortunam
735 2007 854 2088 imperii
876 2015 907 2066 et
928 2001 1041 2065 ultores
1063 2003 1143 2064 deos.
1184 2001 1234 2062 Sic

159 2099 278 2172 ¹5ottm
300 2114 550 2174 Sacrovisumet
572 2114 713 2186 Aeduos,
747 2131 845 2190 nuper
875 2108 1041 2168 Vindicem
1060 2107 1235 2188 Galliasque

205 2214 332 2296 singulis
351 2216 471 2296 praeliis
491 2213 668 2281 concidisse.
698 2212 815 2275 Eadem
835 2231 941 2274 rursus
960 2211 1106 2292 numina,
1128 2213 1236 2276 eadent

206 2319 269 2382 fata
288 2333 427 2405 ruptores
447 2321 606 2384 foederum
626 2331 843 2404 exspectarent.
883 2317 994 2385 Melius
1016 2318 1087 2382 divo
1103 2319 1180 2382 lolio
1192 2321 1234 2384 di

206 2449 307 2513 voque
327 2433 465 2514 Augusto
484 2441 572 2491 notos
592 2446 697 2490 eorum
716 2428 850 2488 animos:
883 2425 1011 2488 Galbam
1042 2436 1074 2488 et
1106 2428 1235 2494 infracto

207 2537 322 2598 tributa
333 2537 457 2602 hostiles
477 2539 599 2623 spiritus
616 2537 763 2600 induisse.
805 2537 896 2598 Nunc
919 2536 1030 2611 hostes,
1054 2537 1127 2620 quia
1142 2538 1234 2600 molle

159 2643 381 2722 noservitium‚
417 2663 486 2706 cum
515 2643 633 2726 spoliati
665 2643 806 2726 exutique
835 2643 980 2730 fuerint,¹
1004 2645 1118 2706 amieos
1155 2645 1234 2710 sore.

205 2748 289 2808 Haec
307 2733 447 2814 ferociter
469 2751 597 2830 locutus,
617 2761 780 2836 postquem
804 2761 941 2832 perstare
960 2751 991 2812 in
1013 2752 1141 2835 perfidie
1154 2751 1232 2816 Clus-

206 2855 303 2916 sicnm
320 2857 529 2941 Tutoremque
559 2861 662 2939 videt,
695 2881 784 2922 verso
805 2861 915 2922 itincre
933 2859 1102 2922 Novesium
1122 2881 1232 2923 concc-

206 2962 268 3023 dit.
301 2964 381 3023 Galli
411 2963 505 3026 duum
527 2966 643 3028 milium
671 2971 765 3051 spatio
791 2968 971 3030 distantibus
991 2969 1106 3050 campis
1127 2989 1232 3032 conu-

207 3071 291 3132 dere.
332 3069 410 3132 llluc
438 3075 672 3135 commeantium
698 3075 908 3138 centurionum
940 3077 1132 3158 militumque
1150 3097 1232 3138 erne-

158 3170 323 3240 25bontnr
340 3181 455 3261 animi,
478 3193 513 3243 ut
534 3180 688 3265 (flagitium
705 3185 904 3268 incognitum)
917 3185 1071 3246 Romanus
1085 3183 1232 3246 exereitus

205 3368 286 3408 extra
303 3369 463 3408 conventum
480 3373 561 3427 qnam
579 3368 657 3410 extra
675 3371 847 3412 commentum
858 3399 869 3420 ‚
895 3337 1001 3410 difficile
1032 3366 1072 3409 est
1090 3357 1125 3408 ad
1144 3359 1233 3426 expli·

108 3473 110 3476 ·
206 3449 336 3518 caudnm3
355 3459 501 3524 utrumque
520 3453 602 3504 etiam
621 3469 727 3522 prorsus
746 3468 971 3522 supervacaneum
988 3458 1045 3514 est,
1065 3460 1097 3504 ut
1112 3453 1233 3524 suspicer

205 3543 258 3599 hoo
277 3545 312 3595 ab
326 3545 522 3615 interpolatore
540 3545 663 3599 additum
683 3563 748 3599 esse.
784 3549 964 3617 lutcrpolatos
983 3549 1098 3602 barbare
1112 3549 1232 3604 scribens

128 3675 130 3681 -
206 3640 297 3694 verbis
313 3653 393 3696 extra
412 3651 573 3695 conuentum
593 3642 743 3709 significare
764 3644 878 3696 fortasse
894 3639 983 3696 'voluit
1013 3656 1043 3696 nt
1059 3643 1148 3700 Labeo
1174 3660 1232 3698 eum

210 3735 298 3788 Civile
316 3736 483 3805 Batavisque
505 3737 722 3790 conventrensis
742 3752 848 3808 posset,
867 3745 932 3800 aut,
953 3738 975 3788 si
993 3751 1073 3812 estro
1099 3757 1233 3794 cometen·
1334 3801 1336 3806 Ι

208 3840 264 3880 tum
281 3845 342 3882 vera
364 3838 404 3882 est
421 3832 570 3900 scriptura,
595 3832 628 3884 iis
646 3833 734 3884 uerbis
761 3833 851 3904 dicere
881 3832 969 3886 voluit
990 3833 1145 3890 Labeonem
1173 3835 1231 3888 tine

208 3924 350 3978 verborum
368 3927 480 3996 aetlingc
497 3927 578 3994 (ohne
597 3929 653 3981 elle
671 3928 826 4000 Umstc'iude)
846 3927 1016 3982 amandatum
1035 3947 1101 3984 esse,

283 4022 321 4076 15.
340 4023 455 4101 laustinus
474 4020 524 4073 Ma.
559 4022 622 4073 Mox
641 4025 755 4076 isaurius
773 4021 932 4078 sslrennnus:
949 4021 1026 4076 Allia
1046 4023 1165 4078 nentina.
