2912 4730
505 372 577 490 nia'.
610 429 647 490 n.
671 427 757 488 oie.
779 429 915 494 31-33·
1187 423 1228 488 es

202 611 291 672 ssuiis
320 609 503 692 corporibus
526 610 725 670 mutationem
747 605 802 668 soli
824 604 959 686 caelique
980 601 1061 662 haud
1084 600 1227 662 toleratu·
1242 598 1269 671 (a
1285 597 1316 652 C·
1333 599 1389 670 (io-l

201 739 260 783 ros.
303 716 398 790 Melta
419 693 498 778 bella
519 717 633 801 impetn
655 717 754 778 valida
779 737 836 796 per
857 714 956 775 taedia
977 722 1006 772 et
1028 731 1125 771 moras
1159 731 1230 772 eva·

201 825 329 884 unisse·
354 825 469 885 Contra
493 827 564 908 ipsis
586 827 686 886 omnia
707 825 849 906 opulenta
873 831 903 882 ct
921 817 1004 893 lida,
1039 819 1230 880 Pannonium

200 931 346 994 Moesiam
378 931 561 992 Delmatiam
598 931 759 990 Orientem
788 923 858 986 eum
883 925 1008 1006 integris
1040 924 1229 1000 exercitibus,

174 1031 367 1099 attellanae
387 1049 478 1119 caqrut
498 1054 604 1097 rerum
637 1036 764 1112 urbem,
797 1042 992 1112 senatumque
1020 1041 1050 1090 et
1073 1030 1230 1112 populum,

201 1167 360 1228 nunqnam
381 1145 510 1205 obscura
531 1145 675 1220 nomina,
709 1142 763 1201 etsi
788 1137 952 1220 aliquando
986 1137 1231 1222 obumbrantur5
1305 1205 1311 1218 .
1410 1135 1412 1144 '

200 1249 340 1331 publicas
353 1253 545 1334 privatasque
565 1271 637 1332 opes
659 1259 688 1310 et
703 1248 880 1308 immensam
894 1245 1052 1328 pecuniam
1064 1245 1142 1304 inter
1155 1243 1231 1304 civi·

201 1355 244 1418 les
264 1352 432 1430 discordias
454 1359 535 1418 ferro
559 1355 757 1432 validiorem3
782 1375 912 1436 corpora
932 1349 1064 1426 militnm
1085 1363 1138 1412 aut
1172 1353 1231 1413 ltu·

116 1475 117 1480 ’
199 1463 258 1524 liae
290 1475 374 1524 sueta
405 1475 457 1524 aut
477 1465 617 1526 aestibus.
661 1465 814 1526 Obiacere
844 1465 957 1526 llumen
989 1461 1126 1538 Padum,
1151 1471 1232 1520 tutae

155 1562 273 1631 roviria
291 1569 450 1652 muniisque
485 1574 597 1651 urbes,
632 1593 649 1634 e
678 1573 790 1655 quibus
821 1571 935 1632 nullam
965 1569 1044 1629 hosti
1069 1577 1232 1629 'cessuram

181 1675 368 1738 -Placentiae
389 1677 563 1738 defensione
585 1677 783 1758 exploratum.
827 1674 963 1735 Proinde
974 1675 1229 1738 duceretbellum.
1268 1733 1271 1738 .

198 1783 306 1844 Paucis
326 1783 430 1846 diebus
454 1795 595 1868 quartam
619 1783 778 1846 decumam
800 1781 964 1863 legionem,
998 1805 1107 1868 magna
1136 1787 1230 1868 ipsam
1312 1795 1315 1804 '

195 1889 295 1969 lama,
317 1913 389 1952 oum
409 1895 567 1956 Moesiacis
587 1891 685 1974 copiis
707 1891 821 1952 affore:
855 1903 918 1950 tum
942 1907 1047 1951 rursus
1078 1893 1231 1954 delibera·

195 2007 318 2078 turum,
338 2001 411 2060 etsi
430 2000 580 2078 praelium
607 1994 787 2080 placuisset,
821 1999 913 2058 auctis
947 1997 1065 2059 viribus
1093 2009 1230 2061 certatu-

131 2100 258 2178 33ros.
300 2105 476 2166 Accedebat
501 2109 668 2167 sententiae
697 2107 820 2166 Paulini
850 2105 966 2164 Marius
999 2103 1121 2183 Celsus3
1151 2106 1231 2166 idem

196 2210 318 2290 placere
339 2211 443 2270 Annio
466 2199 574 2284 Gallo,
596 2233 709 2291 paucos
729 2223 799 2272 aute
824 2213 886 2270 dies
907 2211 992 2288 lapsu
1019 2211 1089 2290 equi
1109 2192 1228 2287 afflicto,

196 2313 360 2398 missiqni
387 2315 548 2376 consilium
584 2317 646 2376 eius
669 2318 896 2376 sciscitarentur
916 2313 1104 2378 rettulerant.
1146 2320 1231 2380 Otho

194 2443 313 2506 prunus
334 2421 373 2482 ad
395 2421 611 2483 decertandum
623 2445 636 2484 ε’
654 2423 749 2484 frater
771 2423 834 2481 eius
855 2418 990 2482 Titianus
1012 2435 1042 2486 et
1061 2428 1230 2510 praefectus

196 2532 343 2612 praetorii
363 2531 515 2592 Proculus
535 2530 685 2614 imperitia
704 2515 905 2612 properantes
919 2530 1073 2596 fortunam
1107 2547 1135 2598 et
1157 2532 1229 2598 deos

67 2653 70 2662 ’
152 2636 515 2713 metaumaussthonis
533 2637 639 2698 adessa
660 2634 809 2712 consiliis,
843 2635 935 2696 affore
954 2639 1112 2700 conatibus
1135 2649 1228 2701 testa·

197 2745 321 2810 leantur.
362 2749 429 2806 Neu
446 2747 515 2828 quis
537 2748 665 2808 nimiam
681 2749 726 2807 ire
745 2749 911 2811 sententiae
931 2723 1073 2826 auderet,
1098 2749 1128 2808 in
1152 2749 1228 2810 adu·

196 2851 341 2934 luliarum
354 2865 580 2912 rcancessarant.
622 2854 800 2934 Postquam·
812 2853 937 2933 pugnari
955 2853 1109 2933 placitum,
1132 2855 1227 2914 inter·-
1307 2927 1309 2932 Ι

197 2973 262 3017 esse
283 2971 404 3036 pugnae
425 2955 638 3037 imperatorem
663 2979 700 3016 an
725 2958 831 3036 seponi
863 2955 1076 3018 ·melius,·loret
1104 2960 1234 3020 dubita.=

199 3074 283 3129 vers,
308 3061 452 3131 .Pauliuu
476 3075 505 3124 et
524 3065 612 3126 Gelan
631 3067 690 3126 iant
713 3085 774 3126 non
797 3061 1051 3144 adversantibus,
1078 3087 1117 3124 ne
1137 3067 1226 3146 prin·

149 3166 470 3252 aicipemobiectare
487 3171 832 3254 periculisviderentur
843 3203 864 3254 ,j
885 3171 983 3233 iidem*
1000 3171 1044 3232 illi
1067 3171 1227 3234 deterioris

199 3277 318 3340 consilii
338 3291 479 3341 auctores
499 3279 678 3360 perpulere,
714 3290 748 3338 ut
765 3279 933 3340 Brixellum
956 3280 1167 3353 concederate.
1187 3302 1230 3340 ac

117 3396 118 3400 ’
198 3385 299 3448 dubiis
316 3387 499 3466 praeliorum
523 3399 677 3468 exemptus
698 3369 832 3448 summae
853 3395 1026 3452 rerum‘et
1048 3387 1176 3467 imperii.
1194 3410 1226 3448 se

197 3491 301 3574 ipsum
314 3503 493 3580 reservaret
538 3497 703 3576 lsi-primus
717 3497 779 3554 dias
792 3495 982 3562 Othonianas
1002 3503 1101 3575 partes
1111 3495 1222 3555 afflixit.

198 3597 336 3680 Namque
359 3611 388 3660 et
409 3622 478 3662 cum
500 3602 564 3684 ipso
585 3603 811 3682 praetoriarum
830 3601 1001 3688 cohortium
1025 3610 1054 3660 et
1086 3605 1224 3683 specula-¹

149 3705 190 3790 59
198 3714 296 3765 torum
318 3711 514 3798 equitumque
536 3705 634 3768 valida
654 3727 761 3774 manns
783 3705 927 3778 discessit,
941 3706 980 3764 'et
998 3691 1224 3769 'remanentium

198 3849 414 3864 Ἣ

227 3989 230 3998 .
261 3991 264 3994 Ι
286 3927 311 3976 6.
328 3927 411 3982 etiam
427 3925 495 3989 MR,
518 3934 546 3978 et
570 3927 606 3978 13.
622 3891 769 3980 lloesoicis
785 3925 836 3978 Mil.
919 3892 923 3908 ι
990 3900 1012 4006 ἰ
1080 3983 1082 3990 ,

267 4035 310 4088 ²7·
323 4036 449 4072 summam
470 4019 548 4074 ABG
564 4019 591 4074 Μ
603 4020 636 4074 R:
658 4039 779 4083 summac
793 4021 970 4088 Puteolanus,
985 4025 1056 4078 suiiie
1074 4021 1105 4072 G.
1127 4058 1134 4064 -
