2914 4724
218 399 261 466 at
590 394 875 477 msronnnuu

57 582 131 652 (sc.
147 583 204 658 69.)
218 579 318 638 cuncti
339 575 370 636 in
391 584 505 653 castra,
529 572 644 634 anteire
657 573 837 654 proximos,
870 581 988 634 certare
1006 593 1076 634 cum
1097 593 1243 658 praecur-

106 727 110 744 .
215 686 368 758 rentibus,
407 685 570 762 increpare
597 679 743 760 Galbam,
771 681 898 742 laudare
918 682 1049 742 militnm
1082 682 1245 760 iudicium,

216 790 381 852 exosculari
402 789 532 850 Othonis
555 768 694 866 manum3
729 799 902 870 quantoque
924 789 1019 872 magis
1054 788 1130 849 falsa
1155 799 1246 850 erant

215 920 294 980 quae
314 897 447 972 fiebant,
484 903 569 954 tanto
589 891 679 974 plura
701 892 811 954 facere.
855 895 915 955 Nee
941 893 1158 975 aspernabatur
1181 895 1246 954 sin·-

214 1003 300 1086 gulos
322 1001 429 1081 Otho,
460 1001 581 1064 avidum
604 1009 636 1060 et
664 998 813 1062 minacem
842 1001 974 1062 militum
1005 1003 1140 1062 animum
1170 999 1274 1063 vocab

214 1111 358 1192 voltuque
380 1123 558 1192 temperans.
600 1109 731 1170 Marium
744 1111 864 1172 Celsum
879 1110 1033 1170 consulem
1055 1109 1246 1192 designatum

213 1230 244 1280 et
267 1217 380 1278 Galbae
401 1237 495 1298 usque
513 1217 544 1274 in
556 1223 704 1274 extremas
724 1235 772 1274 res
794 1217 924 1275 amicum
945 1215 1105 1298 fidumque
1126 1215 1165 1275 ad
1180 1237 1247 1297 sup-

111 1299 115 1305 Ι
145 1329 150 1336 ’
213 1325 340 1407 plinium
361 1321 597 1406 expostulabant,
619 1319 788 1380 industriae
806 1323 871 1380 eins
890 1322 1149 1406 innocentiaeque
1161 1326 1246 1405 quasi

213 1433 300 1493 malis
321 1433 436 1492 artibus
457 1411 579 1490 infensi.
624 1428 732 1490 Caedis
752 1438 781 1488 et
801 1426 987 1508 praedarum
1009 1431 1127 1491 initium
1148 1443 1179 1492 et
1189 1453 1247 1514 op-

213 1543 288 1600 timo
308 1539 417 1620 cuique
436 1537 602 1619 perniciem
623 1537 727 1618 quaeri
747 1536 926 1618 apparebat.
968 1537 1028 1596 Sed
1036 1538 1154 1598 Othoni
1169 1559 1245 1599 uon·
1260 1563 1295 1603 ιο

213 1648 285 1708 dum
306 1648 469 1707 auotoritas
488 1647 590 1705 inerat
605 1641 644 1702 ad
665 1643 892 1724 prohibendum
915 1639 1028 1703 scelus:
1049 1636 1167 1706 'iubere
1185 1649 1246 1706 iam

213 1734 341 1836 poterat.
384 1757 428 1814 Ita
448 1750 644 1814 simulatione
666 1751 744 1829 irae,
762 1751 887 1812 ¹vinciri
913 1751 1028 1812 iussum
1059 1761 1090 1814 at
1119 1753 1246 1814 maiores

212 1861 476 1942 poenasdaturum
488 1853 653 1937 affirmans,
675 1860 829 1940 praesenti
840 1859 931 1918 exitio
951 1859 1109 1919 subtraxit.
1131 1857 1244 1920 Omnia
1256 1833 1310 1918 46

110 2035 113 2046 Ι
212 1958 323 2030 deinde
343 1965 469 2028 arbitrio
489 1965 621 2026 militum
640 1975 716 2030 acta.
759 1965 913 2026 Praetorii
934 1965 1098 2048 praefectos
1117 1959 1243 2047 sibiipsi

211 2077 326 2157 legere,
354 2076 488 2137 Plotium
507 2073 644 2134 Firmum
667 2093 684 2132 e
707 2072 948 2154 manipularibus
968 2073 1143 2154 quondam,
1178 2081 1292 2144 tum15

97 2253 98 2260 .
210 2185 351 2268 vigilibus
372 2181 578 2264 praepositum
600 2189 631 2238 et
645 2177 791 2239 incolumi
807 2179 907 2240 adbuc
918 2178 1017 2246 Galba
1030 2189 1132 2262 partes
1144 2179 1245 2241 Otbo·

212 2294 257 2354 nis
280 2301 425 2354 secutum.
476 2285 824 2372 AdiungiturULioinius
855 2286 1029 2362 Proculus,
1063 2287 1171 2348 intima
1197 2289 1243 2350 fa·

211 2401 382 2460 miliaritate
401 2395 547 2470 Othonis,
570 2383 725 2473 suspectas
757 2393 882 2456 consilia
907 2397 971 2456 eius
998 2393 1118 2454 fovisse.
1159 2395 1242 2456 Urbi

150 2481 157 2503 l
211 2507 352 2568 Flavium
374 2503 520 2562 Sabinum
539 2500 723 2580 praefecere,
746 2500 890 2561 indicium
912 2500 1041 2560 Neronis
1060 2503 1167 2574 secuti,
1186 2501 1243 2564 sub

213 2632 274 2692 quo
311 2608 437 2670 eandem
476 2627 578 2666 curam
611 2605 808 2682 obtinuerat,
841 2606 993 2688 plerisque
1024 2607 1242 2690 Vespasianum
1251 2637 1290 2678 20

214 2718 337 2776 fratrem
369 2717 400 2774 iu
427 2735 463 2775 co
492 2713 729 2794 respicientibus.
773 2712 974 2794 Flagrans,
1009 2724 1044 2776 ut
1071 2716 1242 2776 vacationes

214 2823 359 2903 praestari
381 2819 609 2882 ceriturionibus
628 2821 733 2882 solitae
753 2824 990 2884 remitterentur.
1030 2821 1244 2904 Namquegre·
1272 2799 1275 2805 Δ

216 2927 316 3010 garius
336 2925 419 2988 miles
438 2937 471 2986 ut
497 2928 645 2988 tributum
668 2949 802 2990 annuum
825 2927 988 3010 pendebat.
1032 2930 1149 3006 Quarta
1173 2949 1242 3010 pars

216 3031 363 3114 manipuli
383 3053 487 3113 sparsa
505 3053 562 3113 per
580 3023 766 3096 commeatus
785 3044 838 3094 aut
858 3034 889 3094 in
911 3035 979 3116 ipsis
1010 3037 1119 3097 castris
1147 3055 1240 3117 vaga,

216 3141 289 3200 dum
311 3138 479 3200 mercedem
497 3140 666 3232 centurioni
687 3142 858 3218 exsolveret,
871 3163 977 3222 neque
996 3143 1120 3204 modum
1140 3142 1291 3218 oneris25

201 3233 375 3328 ¹quisquam
397 3265 494 3326 neque
515 3267 608 3328 genus
627 3257 770 3327 quaestus
790 3249 873 3330 pensi
893 3248 1035 3310 babebat.
1078 3251 1139 3310 Per
1148 3249 1242 3312 latro·

219 3352 299 3414 cinia
327 3363 358 3414 ct
381 3362 484 3433 raptus
510 3364 562 3413 aut
587 3353 751 3415 servilibus
783 3353 957 3416 ministeriis
982 3355 1112 3418 militare
1144 3359 1242 3420 otium

220 3457 416 3526 redimebant.
456 3459 538 3522 Turn
559 3459 805 3544 locupletissimus
826 3465 955 3546 quisque
975 3464 1059 3526 miles
1080 3467 1187 3529 labore
1204 3485 1243 3527 ac

219 3564 340 3626 saevitia
360 3566 496 3650 fatigari,
520 3565 616 3628 donee
639 3571 825 3630 vacationem
853 3581 978 3638 emeret.
1020 3573 1083 3634 Ubi
1114 3575 1242 3656 sumpti·

220 3671 276 3730 bus
296 3673 454 3734 exhaustus
475 3675 609 3737 socordia
631 3678 753 3758 insuper
772 3677 957 3760 elanguerat,
980 3681 1067 3764 inops
1090 3705 1147 3764 pro
1159 3685 1289 3752 locu-50

221 3779 299 3860 picto
321 3795 350 3843 et
371 3787 451 3840 iners
472 3807 527 3862 pro
551 3798 673 3845 strenuo
697 3789 725 3843 in
747 3786 934 3870 manipulum
954 3789 1092 3867 redibat3
1116 3812 1151 3852 ac
1171 3812 1241 3852 rur·

222 3885 486 3899 m

309 3937 333 3988 7,
351 3917 389 3972 ad
406 3919 481 3966 deest
499 3917 549 3969 Ma.
567 3919 640 3970 Idem
662 3921 699 3971 ιδ.
720 3921 821 3986 exilio,
842 3929 870 3974 et
891 3926 930 3980 18.
951 3941 1082 3996 suspecta·

290 4015 321 4078 at
351 4013 506 4078 morripnlir.
526 4031 590 4079 pars
608 4010 666 4062 llll:
685 4015 818 4084 inanipuli
835 4035 929 4087 sparsa
949 4021 1070 4080 Piclrrna.
