2914 4724
211 439 218 457 .
235 393 274 456 bl
604 386 890 448 fltstoutrnt'tt

72 598 98 665 (,
117 595 145 646 ς,
161 551 317 665 69’,)φιαεῐ
341 570 528 650 ignosceret,
558 567 609 630 sed
617 613 628 645 ,
662 589 700 629 ne
730 568 824 630 bostis
857 578 971 630 metum
1005 567 1258 631 reconciliationis

81 705 83 714 ·
117 711 120 714 ·
232 676 398 752 adhiberet,
418 678 521 738 statim
536 676 618 738 inter
637 677 758 736 intimos
772 675 889 744 amieos
905 677 1022 753 habuit,
1043 687 1074 738 et
1094 697 1163 738 mox
1175 677 1257 740 bello

229 787 313 844 inter
332 783 425 842 duces
447 780 566 863 delegit.
608 783 781 864 Mansitqne
801 780 891 844 Celso
911 786 994 843 velut
1013 783 1146 844 fataliter
1166 787 1258 845 etiam

229 913 286 973 pro
306 888 431 948 Othone
453 886 528 948 fides
550 887 668 970 integra
688 887 841 948 etinfelir.
883 889 978 950 Laeta
988 889 1170 970 primoribus
1180 889 1257 948 eivi-

229 996 320 1072 tatis,
341 993 491 1055 celebrata
512 995 542 1054 iu
564 992 671 1076 volgus
694 994 774 1055 Celsi
797 994 875 1056 salus
898 1017 938 1056 ne
964 995 1112 1056 militibus
1134 995 1287 1077 quidem5

230 1103 351 1184 ingrata
374 1102 448 1176 fuit,
484 1102 610 1162 eandem
640 1101 786 1164 virtutem
818 1103 1036 1164 admirantibus
1064 1101 1115 1162 cui
1143 1103 1257 1162 irasce-
1367 1131 1371 1136 ·

229 1215 354 1273 bantur.
398 1211 461 1271 Par
490 1211 561 1271 inde
586 1211 745 1270 exsultatio
774 1209 944 1292 disparibus
971 1214 1069 1272 causis
1096 1219 1257 1270 consecuta
1269 1211 1324 1294 '12

207 1322 394 1398 'impetrato
415 1315 557 1398 Tigellini
578 1315 680 1381 exitio.
722 1317 894 1396 Sopbouius
921 1321 1088 1398 Tigellinus
1119 1315 1258 1377 obscuris

228 1424 421 1506 parentibus,
445 1422 533 1482 foeda
558 1423 706 1501 pueritia,
743 1422 898 1502 impudica
919 1434 1057 1500 senecta,
1084 1423 1258 1506 praelectu-

227 1553 293 1592 ram
327 1529 457 1612 vigilum
488 1538 518 1588 et
545 1529 690 1608 praetorii
712 1539 743 1590 et
763 1528 821 1587 alia
843 1530 979 1609 praemia
1007 1532 1157 1590 virtutum
1186 1531 1308 1612 quiarc

227 1637 361 1699 velocius
382 1643 449 1696 erat
473 1635 552 1696 vitiis
573 1633 711 1716 adeptus,
731 1633 945 1696 crudelitatem
965 1656 1044 1714 mox,
1064 1635 1173 1696 deinde
1186 1659 1259 1698 ava·

228 1747 329 1808 ritiam
348 1753 379 1805 et
399 1741 497 1802 virilia
519 1741 632 1802 scelera
655 1745 790 1802 exercuit
816 1753 963 1824 corrupto
993 1743 1032 1804 ad
1065 1764 1155 1804 omne
1182 1744 1259 1806 faci-

229 1876 286 1914 nus
308 1855 443 1927 Nerone,
464 1849 611 1932 quaedam
632 1851 739 1930 ignaro
761 1871 869 1927 ausus,
892 1871 927 1910 ac
949 1862 1104 1931 postremo
1126 1849 1259 1914 eiusdem

231 1962 370 2022 desertor
390 1979 425 2018 ac
443 1956 594 2040 proditor.
635 1957 729 2020 Unde
749 1981 814 2019 non
830 1957 921 2019 alium
933 1960 1164 2046 pertinaciuspd
1179 1983 1257 2044 poe-

231 2090 301 2129 nam
322 2067 513 2152 flagitavere‚
550 2063 672 2127 diverso
703 2065 833 2146 affectu,
866 2067 975 2150 quibus
1002 2067 1104 2128 odium
1131 2069 1308 2144 Neronis15

229 2179 328 2258 inerat
346 2188 376 2237 et
395 2176 502 2257 quibus
524 2173 720 2234 desiderium.
761 2173 851 2256 Apud
873 2173 1002 2236 Galbam
1019 2176 1083 2236 Titi
1105 2175 1188 2237 Vinii
1203 2200 1258 2260 pc·

229 2289 321 2344 tentia
346 2283 506 2359 defensus,
524 2281 724 2362 praetexentis
752 2291 904 2342 servatam
931 2281 970 2342 ab
1001 2302 1038 2343 eo
1070 2282 1173 2342 liliam.
1216 2284 1258 2344 Et

228 2390 312 2451 haud
335 2365 427 2449 dubie
447 2398 640 2464 servaverat,
661 2409 724 2448 non
747 2387 926 2466 clementia,
946 2391 1060 2471 quippe
1089 2400 1135 2450 tot
1160 2393 1257 2452 inter·

229 2497 332 2571 fectis,
356 2495 409 2555 sed
435 2493 576 2576 effugium
605 2495 813 2576 infuturum,
842 2498 920 2585 quia,
941 2498 1087 2586 pessimus
1117 2500 1256 2584 quisque,

232 2601 397 2663 diffidentia
418 2603 622 2682 praesentium
642 2603 839 2664 mutationem
851 2625 976 2685 pavens,
997 2603 1142 2667 adversus
1153 2603 1256 2686 publi.
1265 2633 1306 2680 20

233 2731 303 2771 cum
320 2690 426 2768 odium
446 2708 595 2798 privatam
615 2712 741 2789 gratiam
762 2718 953 2793 praeparat3'
966 2712 1047 2774 nude
1065 2713 1150 2775 nulla
1171 2715 1259 2776 inno-

234 2814 350 2876 centiae
369 2831 440 2874 cura
462 2811 515 2874 sed
536 2813 617 2922 cipes
637 2815 830 2898 impunitatis.
872 2817 919 2880 Eo
944 2819 1089 2883 insensior
1114 2823 1257 2906 populus,

236 2920 338 2982 addita
358 2920 398 2980 ad
419 2930 504 2982 vetus
523 2918 663 3003 Tigellini
674 2909 786 2986 'odium
809 2926 922 2988 recenti
942 2927 1003 2988 Titi
1025 2929 1109 2993 Vinii
1131 2931 1258 3006 invidia,

236 3047 418 3090 concurrere
440 3047 457 3088 e
481 3035 545 3090 tota
565 3028 644 3089 urbe
667 3029 698 3089 in
719 3031 864 3112 palatium
885 3055 919 3097 ac
939 3035 1024 3111 fora,
1053 3049 1084 3100 et
1112 3037 1164 3098 ubi
1192 3038 1260 3120 pln-

96 3127 101 3135 ’
153 3159 159 3172 1
237 3134 314 3195 rima
336 3133 419 3216 volgi
438 3132 574 3212 licentia,
606 3137 638 3196 in
660 3137 828 3202 circumeo
856 3139 976 3204 theatra
1006 3143 1093 3204 effusi
1117 3145 1312 3211 seditiosisab

239 3276 363 3326 iuimicus
381 3273 407 3326 ei
425 3287 541 3343 unquam
562 3274 668 3337 luisset,
685 3275 731 3328 sed
751 3279 842 3330 statim
859 3249 990 3348 tadquam
1007 3287 1125 3332 veterem
1143 3283 1260 3336 amicum

240 3369 313 3422 inter
329 3368 439 3421 intimos
469 3371 591 3438 sumpsit.
626 3369 721 3441 Itaque
748 3374 940 3428 reconciliatio
968 3373 1028 3425 fieri
1053 3390 1142 3444 neque
1171 3375 1262 3446 potnit

241 3478 331 3536 neque
348 3461 444 3535 debnjl
461 3464 534 3516 inter
550 3479 611 3528 ece,
629 3467 677 3536 qui
697 3467 786 3520 nullas
803 3469 960 3521 inimicitiae
987 3470 1184 3532 exercuissent,
1211 3485 1263 3522 nec

242 3557 328 3611 hortis
347 3557 476 3612 Vitellius
494 3553 527 3608 ab
547 3554 662 3611 Othonis
679 3561 797 3612 amicitia
822 3577 945 3615 revocare
965 3561 1072 3613 Celsum
1097 3579 1130 3615 eo
1159 3561 1261 3631 potuit,

242 3657 275 3702 nt
290 3653 411 3704 sincerae
428 3669 487 3704 cum
507 3651 616 3726 Otlrcne
633 3653 863 3708 reconciliationis
880 3663 982 3708 metum
1008 3655 1151 3708 adhiberet
1167 3657 1262 3709 Celso·
1360 3677 1369 3687 ,

243 3758 298 3815 qne
315 3743 466 3798 ‘incuteret
501 3745 625 3799 Celerum
646 3745 709 3802 vide
731 3746 900 3802 walderum
930 3749 965 3802 de
982 3751 1129 3820 scripturae
1148 3751 1263 3803 diverti-

243 3843 301 3892 tate
319 3835 464 3904 dltlpenter
481 3845 669 3908 exponentem,
687 3840 735 3894 red
751 3841 875 3913 alioquin
891 3844 921 3897 in
938 3843 991 3896 alia
1011 3846 1102 3898 omnia
1116 3846 1263 3902 disceden-

244 3935 318 3998 tem,
337 3945 392 4003 quo
411 3929 537 4000 equidem
555 3933 628 3985 haud
648 3947 754 4003 sequar.

332 4023 356 4095 lp
375 4021 539 4094 primoribus
559 4023 714 4079 Rhenanus:
735 4025 838 4082 codices
855 4048 906 4099 pro
923 4030 1051 4087 moribus.
