2886 4726
211 475 271 538 18⁰
580 439 865 512 ursrouuauu

49 675 120 737 (20,
139 675 196 742 ⁶9³
209 661 277 724 set,
297 655 327 703 et
349 663 403 702 suo
422 641 548 720 quisque
571 641 671 702 meto,
694 649 733 686 ne
754 623 894 682 disiectos
915 629 1011 693 eoque
1031 605 1134 668 missu
1159 607 1240 668 vsti-

209 753 265 814 dos
285 747 442 808 Vitelliani
463 745 737 806 consectarentur,
756 733 951 788 cunctantem
974 720 1005 777 in
1025 735 1110 776 anna
1131 712 1241 792 impei-

208 861 322 922 lebant.
361 855 423 916 Sed
438 849 521 934 quod
542 849 572 906 in
593 839 741 906 eiusmodi
761 836 853 898 rebus
873 829 999 904 accidit,
1019 819 1181 886 cordium
1200 819 1242 878 ab

210 962 353 1028 omnibus
375 961 481 1022 datum
501 967 566 1032 est,
587 951 754 1035 periculum
774 941 867 1026 pauci
885 954 1047 1018 muamus.
1091 929 1181 988 Circa
1194 925 1243 986 la·

209 1092 278 1130 cum
302 1067 443 1128 Fundani
463 1057 714 1124 descendentdtus
743 1051 798 1133 qui
818 1046 966 1108 Sabinum
998 1037 1274 1110 comitabantnr,5

210 1180 333 1242 armatis
360 1180 526 1235 occurrunt
555 1161 775 1248 promptissimi
793 1153 1045 1216 Vitellianorum.
1087 1141 1246 1204 Modicum

211 1289 254 1348 ibi
275 1284 424 1366 praelium
445 1278 616 1360 improviso
637 1267 772 1332 tumultu
794 1265 849 1326 sed
869 1275 1053 1344 prosperum
1072 1249 1247 1312 Vitellianis

212 1397 281 1456 fuit.
325 1391 454 1451 Sabinus
479 1407 513 1446 re
531 1379 664 1461 trepida,
686 1373 772 1457 quod
792 1371 979 1431 tutissimum
996 1361 1246 1446 epraeseatibus,

215 1524 316 1564 arcem
337 1494 477 1578 Capitolii
502 1489 611 1550 insedit
631 1487 724 1544 mixto
745 1477 841 1540 milite
875 1485 908 1538 ct
927 1471 1111 1556 quibusdam
1128 1476 1247 1529 senato·

215 1631 286 1672 rum
303 1608 517 1688 equitumque3
540 1613 672 1677 quorum
692 1589 817 1650 nomina
837 1583 961 1644 tradere
973 1578 1056 1638 baud
1073 1585 1299 1657 prorupturam

216 1728 276 1792 est,
301 1715 444 1796 qnoniam
463 1709 582 1768 victore
604 1699 790 1780 Vespasiano
823 1689 914 1752 multi
944 1687 978 1748 id
1007 1684 1149 1745 meritum
1178 1699 1250 1764 erga

216 1815 516 1906 pertersimulaverc.
558 1809 725 1870 Subiernnt
737 1800 890 1864 obsidium
901 1799 993 1859 etiam
1012 1793 1152 1868 feminae,
1170 1791 1251 1850 inter

219 1951 294 2012 quas
328 1927 457 1985 maxime
490 1917 615 2000 insignia
637 1912 794 1976 Verulana
821 1905 974 1980 Gratilla,
1011 1921 1110 1982 neque
1142 1899 1253 1965 liberos

220 2055 318 2119 neque
340 2033 528 2115 propinquos
548 2026 599 2088 sed
618 2021 733 2086 bellum
746 2027 859 2080 secuta.
900 2008 1086 2076 Vitellianus
1105 2006 1191 2068 miles
1202 2025 1252 2064 so·

221 2143 311 2204 cordi
330 2139 462 2201 custodia
484 2136 599 2196 clausos
622 2126 845 2200 circumdedit3
878 2143 975 2203 eoque
996 2116 1143 2180 concubia
1164 2121 1302 2184 nocle15

222 2273 293 2314 snos
314 2249 427 2309 liberos
444 2242 576 2304 Sabinus
596 2249 627 2300 et
646 2235 857 2296 Domitianum
878 2229 984 2290 fratris
998 2223 1094 2284 filiun
1115 2224 1146 2281 in
1161 2220 1254 2299 Capi·

222 2358 332 2419 tolium
364 2351 494 2429 accivit,
527 2349 619 2408 misso
645 2365 703 2426 per
737 2339 875 2422 neglecta
910 2336 950 2398 ad
972 2333 1136 2396 Flavianos
1164 2327 1256 2387 duces

225 2461 332 2524 nuntio
343 2505 353 2535 ,
383 2459 438 2540 qui
458 2450 669 2516 circumsideri
687 2453 784 2529 ipsos,
818 2456 851 2506 et
871 2444 902 2502 ni
921 2439 1156 2511 subveniretur,
1178 2445 1256 2496 artas

227 2590 277 2631 res
300 2565 463 2626 nuntiaret.
506 2561 632 2621 Noctem
653 2556 729 2616 adeo
750 2555 884 2636 quietam
907 2549 969 2630 egit
1003 2556 1040 2607 ut
1061 2541 1178 2627 digredi
1193 2543 1258 2602 sine

226 2695 306 2736 noxa
328 2669 480 2752 potuerit:
501 2643 613 2746 qnippe
631 2662 718 2722 miles
727 2656 845 2722 Vitellii
864 2653 1149 2736 adversuspericula
1161 2652 1305 2730 sercin„
1428 2669 1429 2738 p

229 2777 383 2842 laboribus
404 2772 552 2854 etvigiliis
566 2773 817 2854 parnminteutns
838 2773 919 2844 erat,
940 2774 970 2826 et
993 2763 1140 2826 hibernus
1160 2759 1259 2822 imber

230 2888 356 2962 repente
388 2877 470 2939 lusus
496 2876 599 2938 oculos
627 2891 773 2952 auresque
799 2869 993 2952 impediebat.
1049 2871 1133 2932 Luce
1159 2867 1259 2951 prima
1269 2857 1324 2938 70

232 2985 381 3059 Sabinus,
417 2993 578 3068 antequam
598 2983 630 3040 io
651 2979 748 3040 vicem
769 2975 889 3037 hostilia
908 2985 1104 3059 coaptarent,
1138 2976 1259 3038 Corne

232 3093 308 3154 lium
329 3089 500 3152 Martialem
521 3080 792 3168 eprimipilaribus
826 3081 865 3142 ad
894 3081 1054 3144 Vitellium
1080 3082 1161 3144 misit
1191 3101 1275 3144 cnm·

233 3199 384 3264 mandatis
411 3207 443 3259 et
473 3205 582 3278 questu
610 3189 695 3272 quod
723 3199 812 3271 paeto
839 3190 1046 3252 turbarentur.
1087 3187 1313 3258 simulatio-25
1428 3195 1429 3206 ¹

235 3331 305 3370 nem
320 3323 446 3390 prorsus
466 3311 498 3363 et
516 3300 680 3379 imaginem
700 3295 869 3379 deponendi
889 3296 1010 3377 imperii
1031 3293 1123 3354 fuisse
1147 3293 1188 3356 ad
1209 3293 1265 3356 de·

244 3438 475 3456 ...ιιι-αι...-

322 3524 349 3575 9.
366 3504 450 3555 mixto
468 3497 567 3562 milite]
585 3492 789 3546 mixtussabini
803 3493 880 3544 miles
898 3498 962 3555 erat,
983 3491 1057 3563 qnod
1069 3491 1267 3562 vigilantque

239 3601 362 3654 colones
379 3597 502 3650 urbanae
520 3590 591 3660 (lege
612 3589 708 3657 capitis
725 3587 846 3657 initium)
875 3602 935 3637 eum
961 3586 1143 3642 se'ctabantur.
1178 3583 1267 3634 Erne-

240 3697 322 3749 stinm
338 3693 425 3744 misto
443 3702 503 3736 cum
520 3682 582 3734 aliis
598 3680 833 3754 male'teutantem
851 3693 906 3729 aon
923 3673 1267 3732 benerelutaritWalthe-

240 3807 294 3844 rus.
329 3787 355 3837 lt
375 3783 484 3834 sinistre
501 3779 591 3828 locum
607 3791 641 3827 ex
657 3775 688 3826 H.
710 3775 750 3837 11,
773 3777 810 3839 ¹4·
830 3772 938 3826 attulit:
967 3773 1008 3822 ibi
1025 3775 1099 3824 enim
1119 3770 1210 3823 mixtis
1227 3775 1270 3822 cat

242 3899 292 3952 pro
311 3875 459 3935 admixtis,
480 3887 549 3940 quae
569 3869 731 3936 significatio
744 3869 797 3919 hoc
814 3869 874 3918 loco
892 3867 1000 3919 admitti
1017 3869 1125 3938 nequit.
1428 3837 1429 3856 ³

319 3991 355 4025 to.
375 3968 488 4022 nomina
509 3979 557 4018 out
574 3962 684 4017 trudere
701 3959 778 4012 houd
793 3959 845 4012 lla.
1428 3941 1429 4008 i

318 4069 356 4122 13.
377 4063 497 4116 Gratilla
518 4061 675 4112 Ernestius:
697 4055 739 4106 Mn
758 4071 815 4104 curu
837 4055 974 4124 plerisque
994 4054 1125 4107 Grotilia.
