2890 4728
154 491 158 512 ,
181 435 242 500 332
581 378 819 486 sentencia

179 611 280 694 speeie
310 608 507 692 prodentium
540 589 763 678 adnrdnebant‚
797 626 867 666 cnm
898 606 1021 664 interim
1052 607 1207 684 cognoscit

104 767 108 775 f
177 721 282 780 trustes
310 716 450 800 pluribus
480 714 648 796 agminibus
681 715 863 794 irrupturos.
906 714 949 778 Ac
980 731 1020 771 ne
1047 722 1232 792 superante

182 843 309 884 numam
328 833 359 884 et
379 822 487 904 peritia
508 821 646 882 locorum
666 822 897 896 circumiretur,
921 795 1073 880 diviso'et
1092 820 1157 900 ipse
1178 818 1208 876 in
1289 803 1297 812 ¹

182 941 243 991 tres
271 942 372 1012 partes
395 931 528 992 exercitu
556 931 689 992 incessit.
730 929 825 1008 Quod
850 929 903 989 ubi
930 928 1087 1010 cognitum
1115 927 1274 1010 110anss

182 1046 300 1098 mutato
319 1046 446 1118 repente
463 1037 590 1100 coasilio
614 1037 750 1098 universi
774 1055 888 1096 nonam
907 1035 1075 1117 legionem,
1096 1044 1132 1095 nt
1144 1053 1237 1116 ma·5
1297 1113 1307 1127 ,

183 1147 261 1204 sime
283 1143 466 1220 invalidam,
486 1151 577 1205 nocte
596 1140 747 1222 adgressi,
778 1140 858 1201 inter
885 1160 1025 1200 somnum
1055 1161 1092 1200 ac
1113 1141 1209 1220 trepi-

181 1251 339 1318 dationem
358 1253 452 1312 caesis
470 1249 613 1330 vigilibus
631 1250 776 1329 irrupere.
819 1249 944 1330 lamque
961 1247 994 1307 in
1015 1247 1087 1328 ipsis
1108 1249 1211 1336 castris

183 1357 376 1440 pugnabant,
403 1379 474 1418 curu
507 1357 651 1440 Agricola
667 1358 724 1416 iter
742 1354 878 1417 hostiurn
898 1357 937 1417 ab
969 1356 1212 1436 exploratoribus

184 1465 306 1534 edoctus
327 1449 510 1548 etrestigiis
528 1465 701 1545 insecutus,
730 1463 933 1532 velocissimos
961 1467 1097 1547 equitnm
1127 1465 1212 1546 pedi·

184 1584 312 1656 tumque
333 1572 477 1634 assultare
497 1577 585 1656 tergis
607 1573 809 1656 pugnantium
835 1573 938 1650 iubet,
968 1593 1037 1632 mox
1071 1573 1110 1632 ab
1142 1576 1212 1637 uni·
1226 1599 1258 1638 ro

185 1683 280 1744 versis
298 1681 387 1742 adiici
408 1682 583 1742 clamorem.
627 1681 669 1742 Et
687 1681 859 1763 propinqua
880 1679 950 1740 luce
984 1677 1095 1742 fulsere
1116 1681 1211 1763 signa.

185 1793 231 1851 lta
251 1787 377 1870 ancipiti
399 1787 480 1849 malo
499 1789 596 1848 territi
615 1788 777 1865 Britanni,
813 1797 843 1848 et
872 1787 1018 1848 Romanis
1037 1787 1121 1848 redit
1147 1787 1214 1848 aui·

185 1917 263 1974 runs,
283 1887 436 1956 desecari
458 1915 516 1978 pro
538 1893 634 1956 salute
653 1895 692 1957 de
713 1897 808 1980 gloria
822 1897 991 1957 certabant.
1032 1894 1125 1956 Ultro
1140 1897 1213 1979 quin
1285 1975 1290 1982 .

186 2003 277 2064 etiam
296 2003 453 2083 irrupere3
479 2012 509 2062 et
537 2001 596 2062 fuit
618 2012 704 2063 atrox
724 2002 756 2062 in
776 2004 850 2084 ipsis
880 2012 1039 2083 portarum
1068 2007 1212 2084 angustiis

185 2110 348 2195 praelium,
370 2111 467 2172 donec
486 2109 565 2192 pulsi
586 2111 706 2189 hostes,
738 2122 873 2194 utroque
900 2111 1038 2172 exercitu
1063 2120 1210 2189 certante,
1227 2115 1264 2180 15

186 2216 252 2294 his,
271 2229 306 2280 ut
324 2219 429 2282 tulisse
449 2237 558 2302 opem,
579 2219 658 2296 illis,
681 2241 721 2280 ne
739 2221 854 2301 eguisse
881 2219 993 2281 anxilio
1023 2218 1211 2281 riderentur.

187 2321 279 2414 Quod
298 2323 357 2384 uisi
376 2322 500 2404 paludes
523 2334 554 2384 et
571 2325 664 2385 silvae
678 2323 832 2405 ‘fugientes
850 2326 1006 2402 texissent,
1029 2323 1213 2386 debellatum

186 2429 239 2492 illa
258 2419 386 2493 victdria
401 2433 486 2493 soret
528 2431 622 2494 Cuius
641 2434 864 2494 constantinae
884 2433 962 2492 fama
983 2433 1064 2495 feros
1099 2439 1212 2497 exerei.
1224 2423 1283 2508 2¹1

187 2551 238 2602 tus
267 2539 345 2599 nihil
374 2541 483 2600 virtuti
512 2559 583 2599 auae
607 2542 742 2618 invium,
770 2539 991 2622 penetrandam
1020 2540 1215 2608 Caledoniam

188 2644 464 2726 inveniendumque
483 2643 605 2705 tandem
614 2646 785 2706 Britanniae
798 2650 960 2710 terminum
971 2653 1116 2716 continno
1127 2675 1216 2735 prae·
1227 2673 1267 2714 ao

188 2752 303 2814 liuram
322 2771 415 2812 cursu
435 2749 614 2812 fremebant.
640 2752 808 2834 ‚atqueitli
828 2756 919 2818 modo
933 2762 1015 2821 canti
1037 2781 1073 2822 ao
1093 2763 1214 2843 sapien·

190 2870 235 2924 tea
252 2861 386 2944 prompti
406 2871 472 2942 post
506 2866 647 2922 eventum
672 2883 710 2924 ac
735 2865 920 2948 magniloqui
948 2877 1045 2930 erant.
1086 2867 1217 2948 Iniquis-

189 2967 265 3030 sima
283 2966 359 3029 haec
378 2965 527 3028 bellorum
548 2966 684 3029 condicio
705 2969 765 3030 est:
787 2991 931 3052 prospera
954 2979 1058 3034 omnes
1077 2973 1217 3034 sihivin.

191 3071 306 3145 dicant,
327 3071 453 3135 adversa
473 3075 527 3134 uni
550 3073 750 3154 imputantur.
791 3076 835 3136 At
856 3077 996 3136 Britanni
1016 3099 1079 3140 non
1103 3084 1217 3144 virtute

191 3181 243 3244 sed
265 3181 424 3244 occasione
442 3188 473 3240 et
493 3189 557 3242 arte
570 3177 651 3242 fusos
664 3162 835 3276 ratiQilsil
855 3205 889 3244 cs
908 3182 1088 3267 adrogantia
1109 3193 1216 3252 remit·
1228 3193 1271 3257 25

277 3475 306 3528 8.
322 3473 498 3547 pugnabatur
514 3471 566 3525 Vh.
601 3473 676 3524 Idem
701 3474 740 3542 14.
757 3485 880 3544 erupere·

266 3573 304 3624 ¹6.
321 3585 352 3625 ru
371 3571 478 3641 tulisse]
495 3569 619 3627 intulisse
637 3568 691 3622 Vb.
724 3567 798 3637 Idem
821 3573 857 3626 18.
878 3571 1063 3632 conscientia,
1083 3587 1220 3623 noncon*

195 3664 309 3718 stantia.
461 3667 466 3676 ⁴
906 3718 928 3751 ff
947 3670 1052 3768 „A”

269 3775 309 3826 ¹9·
325 3773 352 3813 cr
365 3759 561 3830 penetrandam
577 3759 631 3815 Vb.
1007 3782 1023 3814 ·,
1129 3776 1132 3781 ·

262 3848 305 3915 al·
323 3857 386 3926 uni]
404 3873 464 3910 cum
478 3857 534 3918 ΔΕ,
550 3859 602 3909 uni
620 3857 728 3908 Biviana
746 3863 775 3908 et
793 3855 868 3924 (Vb).
1427 3903 1428 3908 ,

262 3966 305 4020 27.
315 3950 399 4024 suros
417 3952 485 4016 rati]
504 3950 583 4004 ducis
602 3951 659 4004 rati
677 3951 805 4020 antiquae
824 3947 958 4000 editiones
977 3954 1007 4002 et
1021 3949 1079 4019 (Va
1096 3945 1159 4016 Vb).
1188 3945 1220 4000 ln
1427 3931 1428 4022 l

193 4039 246 4094 lroc
271 4041 331 4096 loco
360 4043 527 4099 emendando
553 4059 661 4114 operam
679 4061 771 4114 parum
791 4045 954 4095 fructuosam
972 4059 1031 4095 cum
1059 4039 1219 4110 insumpiia·
1427 4023 1428 4090 l
