<?xml version="1.0" encoding="UTF-8"?>
<!DOCTYPE html PUBLIC "-//W3C//DTD XHTML 1.0 Transitional//EN"
    "http://www.w3.org/TR/xhtml1/DTD/xhtml1-transitional.dtd">
<html xmlns="http://www.w3.org/1999/xhtml" xml:lang="en" lang="en">
 <head>
  <title>
</title>
<meta http-equiv="Content-Type" content="text/html;charset=utf-8" />
  <meta name='ocr-system' content='tesseract 3.04.00' />
  <meta name='ocr-capabilities' content='ocr_page ocr_carea ocr_par ocr_line ocrx_word'/>
</head>
<body>
  <div class='ocr_page' id='page_1' title='image "./ccorneliitaciti01rittgoog_0342.png"; bbox 0 0 2890 4728; ppageno 0'>
   <div class='ocr_carea' id='block_1_1' title="bbox 218 371 853 450">
    <p class='ocr_par' dir='ltr' id='par_1_1' title="bbox 218 371 853 450">
     <span class='ocr_line' id='line_1_1' title="bbox 218 371 853 450; baseline -0.024 -1"><span class='ocrx_word' id='word_1_1' title='bbox 218 379 290 450; x_wconf 42' lang='lat' dir='ltr'><strong>*tlt</strong></span> <span class='ocrx_word' id='word_1_2' title='bbox 618 371 853 436; x_wconf 77' lang='lat' dir='ltr'><strong>eentconte</strong></span> 
     </span>
    </p>
   </div>
   <div class='ocr_carea' id='block_1_2' title="bbox 76 541 1433 2680">
    <p class='ocr_par' dir='ltr' id='par_1_2' title="bbox 228 541 1326 1283">
     <span class='ocr_line' id='line_1_2' title="bbox 228 541 1259 642; baseline -0.009 -21"><span class='ocrx_word' id='word_1_3' title='bbox 228 577 320 642; x_wconf 87' lang='lat' dir='ltr'><strong>quem</strong></span> <span class='ocrx_word' id='word_1_4' title='bbox 339 543 542 618; x_wconf 86' lang='lat' dir='ltr'><strong>contubernio</strong></span> <span class='ocrx_word' id='word_1_5' title='bbox 564 541 749 616; x_wconf 82' lang='lat' dir='ltr'><strong>aestimaret.</strong></span> <span class='ocrx_word' id='word_1_6' title='bbox 793 555 855 616; x_wconf 81' lang='lat' dir='ltr'><strong>Nec</strong></span> <span class='ocrx_word' id='word_1_7' title='bbox 865 551 1002 634; x_wconf 78' lang='lat' dir='ltr'><strong>Agricola</strong></span> <span class='ocrx_word' id='word_1_8' title='bbox 1020 551 1158 628; x_wconf 74' lang='lat' dir='ltr'><strong>licenter,</strong></span> <span class='ocrx_word' id='word_1_9' title='bbox 1172 566 1259 612; x_wconf 84' lang='lat' dir='ltr'><strong>more</strong></span> 
     </span>
     <span class='ocr_line' id='line_1_3' title="bbox 230 660 1326 746; baseline -0.009 -19"><span class='ocrx_word' id='word_1_10' title='bbox 230 667 375 728; x_wconf 84' lang='lat' dir='ltr'><strong>iuvenum</strong></span> <span class='ocrx_word' id='word_1_11' title='bbox 396 665 450 746; x_wconf 88' lang='lat' dir='ltr'><strong>qni</strong></span> <span class='ocrx_word' id='word_1_12' title='bbox 469 661 607 724; x_wconf 87' lang='lat' dir='ltr'><strong>militiam</strong></span> <span class='ocrx_word' id='word_1_13' title='bbox 626 663 658 722; x_wconf 91' lang='lat' dir='ltr'><strong>iu</strong></span> <span class='ocrx_word' id='word_1_14' title='bbox 678 661 830 724; x_wconf 85' lang='lat' dir='ltr'><strong>lascivium</strong></span> <span class='ocrx_word' id='word_1_15' title='bbox 851 669 999 732; x_wconf 85' lang='lat' dir='ltr'><strong>vertunt,</strong></span> <span class='ocrx_word' id='word_1_16' title='bbox 1027 679 1128 742; x_wconf 84' lang='lat' dir='ltr'><strong>neque</strong></span> <span class='ocrx_word' id='word_1_17' title='bbox 1158 660 1258 740; x_wconf 89' lang='lat' dir='ltr'><strong>segni·</strong></span> <span class='ocrx_word' id='word_1_18' title='bbox 1320 718 1326 724; x_wconf 77' lang='grc'><strong>,</strong></span> 
     </span>
     <span class='ocr_line' id='line_1_4' title="bbox 230 767 1258 856; baseline -0.015 -20"><span class='ocrx_word' id='word_1_19' title='bbox 230 786 276 836; x_wconf 89' lang='lat' dir='ltr'><strong>ter</strong></span> <span class='ocrx_word' id='word_1_20' title='bbox 295 773 339 836; x_wconf 86' lang='lat' dir='ltr'><strong>ad·</strong></span> <span class='ocrx_word' id='word_1_21' title='bbox 354 772 528 856; x_wconf 81' lang='lat' dir='ltr'><strong>voluptates</strong></span> <span class='ocrx_word' id='word_1_22' title='bbox 548 781 579 833; x_wconf 88' lang='lat' dir='ltr'><strong>et</strong></span> <span class='ocrx_word' id='word_1_23' title='bbox 598 779 783 832; x_wconf 74' lang='lat' dir='ltr'><strong>commeatus</strong></span> <span class='ocrx_word' id='word_1_24' title='bbox 802 771 922 830; x_wconf 90' lang='lat' dir='ltr'><strong>titulum</strong></span> <span class='ocrx_word' id='word_1_25' title='bbox 944 767 1118 830; x_wconf 76' lang='lat' dir='ltr'><strong>tribunatus</strong></span> <span class='ocrx_word' id='word_1_26' title='bbox 1148 777 1179 826; x_wconf 88' lang='lat' dir='ltr'><strong>et</strong></span> <span class='ocrx_word' id='word_1_27' title='bbox 1207 767 1258 825; x_wconf 88' lang='lat' dir='ltr'><strong>in.</strong></span> 
     </span>
     <span class='ocr_line' id='line_1_5' title="bbox 230 875 1259 960; baseline -0.011 -16"><span class='ocrx_word' id='word_1_28' title='bbox 230 882 347 944; x_wconf 82' lang='lat' dir='ltr'><strong>scitisne</strong></span> <span class='ocrx_word' id='word_1_29' title='bbox 367 879 504 942; x_wconf 82' lang='lat' dir='ltr'><strong>rettulit:</strong></span> <span class='ocrx_word' id='word_1_30' title='bbox 525 877 580 942; x_wconf 90' lang='lat' dir='ltr'><strong>sed</strong></span> <span class='ocrx_word' id='word_1_31' title='bbox 599 897 723 940; x_wconf 74' lang='lat' dir='ltr'><strong>uomere</strong></span> <span class='ocrx_word' id='word_1_32' title='bbox 743 877 948 960; x_wconf 82' lang='lat' dir='ltr'><strong>provinciam,</strong></span> <span class='ocrx_word' id='word_1_33' title='bbox 984 875 1070 936; x_wconf 90' lang='lat' dir='ltr'><strong>nosci</strong></span> <span class='ocrx_word' id='word_1_34' title='bbox 1100 875 1259 950; x_wconf 78' lang='lat' dir='ltr'><strong>exercitui,</strong></span> 
     </span>
     <span class='ocr_line' id='line_1_6' title="bbox 231 977 1293 1070; baseline -0.01 -19"><span class='ocrx_word' id='word_1_35' title='bbox 231 989 344 1051; x_wconf 71' lang='lat' dir='ltr'><strong>ducere</strong></span> <span class='ocrx_word' id='word_1_36' title='bbox 363 1006 382 1050; x_wconf 86' lang='lat' dir='ltr'><strong>a</strong></span> <span class='ocrx_word' id='word_1_37' title='bbox 402 986 529 1069; x_wconf 89' lang='lat' dir='ltr'><strong>peritis,</strong></span> <span class='ocrx_word' id='word_1_38' title='bbox 551 987 637 1070; x_wconf 88' lang='lat' dir='ltr'><strong>sequi</strong></span> <span class='ocrx_word' id='word_1_39' title='bbox 657 987 810 1069; x_wconf 87' lang='lat' dir='ltr'><strong>optimos,</strong></span> <span class='ocrx_word' id='word_1_40' title='bbox 843 983 919 1044; x_wconf 88' lang='lat' dir='ltr'><strong>nibil</strong></span> <span class='ocrx_word' id='word_1_41' title='bbox 938 992 1085 1065; x_wconf 86' lang='lat' dir='ltr'><strong>appetere</strong></span> <span class='ocrx_word' id='word_1_42' title='bbox 1111 983 1143 1043; x_wconf 93' lang='lat' dir='ltr'><strong>in</strong></span> <span class='ocrx_word' id='word_1_43' title='bbox 1165 977 1293 1052; x_wconf 68' lang='lat' dir='ltr'><strong>iectu-3</strong></span> 
     </span>
     <span class='ocr_line' id='line_1_7' title="bbox 231 1088 1259 1174; baseline -0.012 -14"><span class='ocrx_word' id='word_1_44' title='bbox 231 1099 364 1174; x_wconf 77' lang='lat' dir='ltr'><strong>donem,</strong></span> <span class='ocrx_word' id='word_1_45' title='bbox 382 1094 459 1156; x_wconf 85' lang='lat' dir='ltr'><strong>nibil</strong></span> <span class='ocrx_word' id='word_1_46' title='bbox 477 1093 519 1156; x_wconf 91' lang='lat' dir='ltr'><strong>ob</strong></span> <span class='ocrx_word' id='word_1_47' title='bbox 536 1089 734 1156; x_wconf 77' lang='lat' dir='ltr'><strong>formidinem</strong></span> <span class='ocrx_word' id='word_1_48' title='bbox 755 1111 912 1167; x_wconf 86' lang='lat' dir='ltr'><strong>recusare,</strong></span> <span class='ocrx_word' id='word_1_49' title='bbox 933 1089 1082 1172; x_wconf 87' lang='lat' dir='ltr'><strong>simulque</strong></span> <span class='ocrx_word' id='word_1_50' title='bbox 1102 1098 1134 1150; x_wconf 89' lang='lat' dir='ltr'><strong>et</strong></span> <span class='ocrx_word' id='word_1_51' title='bbox 1153 1088 1259 1149; x_wconf 85' lang='lat' dir='ltr'><strong>anxius</strong></span> 
     </span>
     <span class='ocr_line' id='line_1_8' title="bbox 231 1195 1257 1283; baseline -0.014 -16"><span class='ocrx_word' id='word_1_52' title='bbox 231 1213 265 1268; x_wconf 84' lang='lat' dir='ltr'><strong>ei</strong></span> <span class='ocrx_word' id='word_1_53' title='bbox 284 1205 418 1264; x_wconf 88' lang='lat' dir='ltr'><strong>intentus</strong></span> <span class='ocrx_word' id='word_1_54' title='bbox 440 1214 539 1283; x_wconf 80' lang='lat' dir='ltr'><strong>agere.</strong></span> <span class='ocrx_word' id='word_1_55' title='bbox 580 1197 649 1260; x_wconf 76' lang='lat' dir='ltr'><strong>Non</strong></span> <span class='ocrx_word' id='word_1_56' title='bbox 671 1219 743 1259; x_wconf 85' lang='lat' dir='ltr'><strong>sane</strong></span> <span class='ocrx_word' id='word_1_57' title='bbox 760 1197 832 1258; x_wconf 89' lang='lat' dir='ltr'><strong>elias</strong></span> <span class='ocrx_word' id='word_1_58' title='bbox 852 1197 1046 1258; x_wconf 77' lang='lat' dir='ltr'><strong>exercitatior</strong></span> <span class='ocrx_word' id='word_1_59' title='bbox 1059 1195 1212 1278; x_wconf 70' lang='lat' dir='ltr'><strong>megbque</strong></span> <span class='ocrx_word' id='word_1_60' title='bbox 1225 1195 1257 1254; x_wconf 92' lang='lat' dir='ltr'><strong>in</strong></span> 
     </span>
    </p>

    <p class='ocr_par' dir='ltr' id='par_1_3' title="bbox 159 1293 1316 1926">
     <span class='ocr_line' id='line_1_9' title="bbox 159 1293 1259 1392; baseline -0.009 -19"><span class='ocrx_word' id='word_1_61' title='bbox 159 1293 164 1310; x_wconf 52' lang='lat'><em>&#39;</em></span> <span class='ocrx_word' id='word_1_62' title='bbox 233 1311 375 1392; x_wconf 88' lang='lat' dir='ltr'><strong>ambiguo</strong></span> <span class='ocrx_word' id='word_1_63' title='bbox 385 1307 543 1370; x_wconf 87' lang='lat' dir='ltr'><strong>Britannia</strong></span> <span class='ocrx_word' id='word_1_64' title='bbox 563 1307 632 1368; x_wconf 82' lang='lat' dir='ltr'><strong>tuit.</strong></span> <span class='ocrx_word' id='word_1_65' title='bbox 671 1303 831 1367; x_wconf 88' lang='lat' dir='ltr'><strong>Trucidati</strong></span> <span class='ocrx_word' id='word_1_66' title='bbox 850 1305 998 1386; x_wconf 69' lang='lat' dir='ltr'><strong>veteram,</strong></span> <span class='ocrx_word' id='word_1_67' title='bbox 1021 1306 1162 1372; x_wconf 84' lang='lat' dir='ltr'><strong>incensae</strong></span> <span class='ocrx_word' id='word_1_68' title='bbox 1175 1300 1259 1363; x_wconf 91' lang='lat' dir='ltr'><strong>colo·</strong></span> 
     </span>
     <span class='ocr_line' id='line_1_10' title="bbox 232 1410 1258 1498; baseline -0.009 -20"><span class='ocrx_word' id='word_1_69' title='bbox 232 1419 322 1494; x_wconf 90' lang='lat' dir='ltr'><strong>niae,</strong></span> <span class='ocrx_word' id='word_1_70' title='bbox 344 1415 505 1498; x_wconf 90' lang='lat' dir='ltr'><strong>intercepti</strong></span> <span class='ocrx_word' id='word_1_71' title='bbox 522 1415 692 1491; x_wconf 79' lang='lat' dir='ltr'><strong>exercitus3</strong></span> <span class='ocrx_word' id='word_1_72' title='bbox 714 1421 781 1474; x_wconf 90' lang='lat' dir='ltr'><strong>tnnr</strong></span> <span class='ocrx_word' id='word_1_73' title='bbox 801 1411 840 1473; x_wconf 91' lang='lat' dir='ltr'><strong>de</strong></span> <span class='ocrx_word' id='word_1_74' title='bbox 861 1410 975 1488; x_wconf 87' lang='lat' dir='ltr'><strong>seinte,</strong></span> <span class='ocrx_word' id='word_1_75' title='bbox 1011 1431 1081 1472; x_wconf 85' lang='lat' dir='ltr'><strong>mox</strong></span> <span class='ocrx_word' id='word_1_76' title='bbox 1100 1410 1141 1472; x_wconf 85' lang='lat' dir='ltr'><strong>de</strong></span> <span class='ocrx_word' id='word_1_77' title='bbox 1159 1410 1258 1471; x_wconf 83' lang='lat' dir='ltr'><strong>victo-</strong></span> 
     </span>
     <span class='ocr_line' id='line_1_11' title="bbox 231 1505 1316 1601; baseline -0.011 -13"><span class='ocrx_word' id='word_1_78' title='bbox 231 1527 278 1588; x_wconf 84' lang='lat' dir='ltr'><strong>ria</strong></span> <span class='ocrx_word' id='word_1_79' title='bbox 298 1505 464 1586; x_wconf 79' lang='lat' dir='ltr'><strong>certavere.</strong></span> <span class='ocrx_word' id='word_1_80' title='bbox 507 1523 596 1600; x_wconf 86' lang='lat' dir='ltr'><strong>Quae</strong></span> <span class='ocrx_word' id='word_1_81' title='bbox 618 1530 728 1582; x_wconf 88' lang='lat' dir='ltr'><strong>cuneta</strong></span> <span class='ocrx_word' id='word_1_82' title='bbox 756 1521 812 1582; x_wconf 88' lang='lat' dir='ltr'><strong>etsi</strong></span> <span class='ocrx_word' id='word_1_83' title='bbox 834 1518 968 1582; x_wconf 88' lang='lat' dir='ltr'><strong>consiliis</strong></span> <span class='ocrx_word' id='word_1_84' title='bbox 997 1519 1152 1601; x_wconf 84' lang='lat' dir='ltr'><strong>ductuque</strong></span> <span class='ocrx_word' id='word_1_85' title='bbox 1184 1518 1258 1582; x_wconf 86' lang='lat' dir='ltr'><strong>uite·</strong></span> <span class='ocrx_word' id='word_1_86' title='bbox 1272 1531 1316 1577; x_wconf 80' lang='lat' dir='ltr'><strong>ro</strong></span> 
     </span>
     <span class='ocr_line' id='line_1_12' title="bbox 232 1630 1259 1714; baseline -0.007 -20"><span class='ocrx_word' id='word_1_87' title='bbox 232 1634 296 1694; x_wconf 88' lang='lat' dir='ltr'><strong>rius</strong></span> <span class='ocrx_word' id='word_1_88' title='bbox 330 1631 513 1714; x_wconf 80' lang='lat' dir='ltr'><strong>agebantur,</strong></span> <span class='ocrx_word' id='word_1_89' title='bbox 549 1647 585 1690; x_wconf 88' lang='lat' dir='ltr'><strong>ac</strong></span> <span class='ocrx_word' id='word_1_90' title='bbox 620 1647 738 1690; x_wconf 76' lang='lat' dir='ltr'><strong>summ</strong></span> <span class='ocrx_word' id='word_1_91' title='bbox 769 1648 873 1690; x_wconf 89' lang='lat' dir='ltr'><strong>rernm</strong></span> <span class='ocrx_word' id='word_1_92' title='bbox 906 1638 938 1690; x_wconf 89' lang='lat' dir='ltr'><strong>et</strong></span> <span class='ocrx_word' id='word_1_93' title='bbox 970 1630 1153 1710; x_wconf 76' lang='lat' dir='ltr'><strong>reciperatae</strong></span> <span class='ocrx_word' id='word_1_94' title='bbox 1182 1645 1259 1709; x_wconf 86' lang='lat' dir='ltr'><strong>pro·</strong></span> 
     </span>
     <span class='ocr_line' id='line_1_13' title="bbox 232 1733 1262 1818; baseline -0.004 -20"><span class='ocrx_word' id='word_1_95' title='bbox 232 1738 351 1798; x_wconf 79' lang='lat' dir='ltr'><strong>vinciae</strong></span> <span class='ocrx_word' id='word_1_96' title='bbox 371 1737 467 1818; x_wconf 85' lang='lat' dir='ltr'><strong>gloria</strong></span> <span class='ocrx_word' id='word_1_97' title='bbox 487 1739 519 1796; x_wconf 94' lang='lat' dir='ltr'><strong>iu</strong></span> <span class='ocrx_word' id='word_1_98' title='bbox 544 1735 653 1796; x_wconf 88' lang='lat' dir='ltr'><strong>ducem</strong></span> <span class='ocrx_word' id='word_1_99' title='bbox 675 1733 778 1813; x_wconf 85' lang='lat' dir='ltr'><strong>cessit,</strong></span> <span class='ocrx_word' id='word_1_100' title='bbox 799 1741 899 1800; x_wconf 83' lang='lat' dir='ltr'><strong>erlem</strong></span> <span class='ocrx_word' id='word_1_101' title='bbox 921 1741 951 1796; x_wconf 89' lang='lat' dir='ltr'><strong>ct</strong></span> <span class='ocrx_word' id='word_1_102' title='bbox 968 1755 1057 1795; x_wconf 89' lang='lat' dir='ltr'><strong>usunr</strong></span> <span class='ocrx_word' id='word_1_103' title='bbox 1077 1743 1109 1796; x_wconf 91' lang='lat' dir='ltr'><strong>et</strong></span> <span class='ocrx_word' id='word_1_104' title='bbox 1126 1733 1262 1794; x_wconf 84' lang='lat' dir='ltr'><strong>stimulos</strong></span> 
     </span>
     <span class='ocr_line' id='line_1_14' title="bbox 234 1821 1263 1926; baseline -0.002 -20"><span class='ocrx_word' id='word_1_105' title='bbox 234 1843 378 1915; x_wconf 77' lang='lat' dir='ltr'><strong>addidere</strong></span> <span class='ocrx_word' id='word_1_106' title='bbox 399 1843 519 1923; x_wconf 89' lang='lat' dir='ltr'><strong>iuveni,</strong></span> <span class='ocrx_word' id='word_1_107' title='bbox 539 1841 728 1926; x_wconf 79' lang='lat' dir='ltr'><strong>intravitque</strong></span> <span class='ocrx_word' id='word_1_108' title='bbox 747 1841 881 1902; x_wconf 89' lang='lat' dir='ltr'><strong>animum</strong></span> <span class='ocrx_word' id='word_1_109' title='bbox 902 1840 1042 1904; x_wconf 84' lang='lat' dir='ltr'><strong>militaris</strong></span> <span class='ocrx_word' id='word_1_110' title='bbox 1072 1821 1188 1924; x_wconf 79' lang='lat' dir='ltr'><strong>gloriae</strong></span> <span class='ocrx_word' id='word_1_111' title='bbox 1207 1855 1263 1904; x_wconf 56' lang='lat' dir='ltr'><strong>cua</strong></span> 
     </span>
    </p>

    <p class='ocr_par' dir='ltr' id='par_1_4' title="bbox 175 1950 1433 2228">
     <span class='ocr_line' id='line_1_15' title="bbox 175 1950 1433 2034; baseline 0 -23"><span class='ocrx_word' id='word_1_112' title='bbox 175 1973 177 1980; x_wconf 63' lang='grc'>’</span> <span class='ocrx_word' id='word_1_113' title='bbox 234 1951 325 2034; x_wconf 88' lang='lat' dir='ltr'><strong>pido,</strong></span> <span class='ocrx_word' id='word_1_114' title='bbox 347 1953 466 2033; x_wconf 86' lang='lat' dir='ltr'><strong>ingrata</strong></span> <span class='ocrx_word' id='word_1_115' title='bbox 482 1950 691 2034; x_wconf 77' lang='lat' dir='ltr'><strong>temporibus,</strong></span> <span class='ocrx_word' id='word_1_116' title='bbox 720 1950 830 2031; x_wconf 77' lang='lat' dir='ltr'><strong>quibus</strong></span> <span class='ocrx_word' id='word_1_117' title='bbox 853 1950 972 2010; x_wconf 88' lang='lat' dir='ltr'><strong>sinistre</strong></span> <span class='ocrx_word' id='word_1_118' title='bbox 992 1968 1062 2031; x_wconf 89' lang='lat' dir='ltr'><strong>erga</strong></span> <span class='ocrx_word' id='word_1_119' title='bbox 1097 1951 1263 2011; x_wconf 75' lang='lat' dir='ltr'><strong>eminentes</strong></span> <span class='ocrx_word' id='word_1_120' title='bbox 1432 2017 1433 2032; x_wconf 50' lang='lat'><strong>,</strong></span> 
     </span>
     <span class='ocr_line' id='line_1_16' title="bbox 235 2057 1316 2142; baseline 0.003 -24"><span class='ocrx_word' id='word_1_121' title='bbox 235 2059 465 2140; x_wconf 85' lang='lat' dir='ltr'><strong>interpretatio,</strong></span> <span class='ocrx_word' id='word_1_122' title='bbox 487 2077 545 2119; x_wconf 89' lang='lat' dir='ltr'><strong>nec</strong></span> <span class='ocrx_word' id='word_1_123' title='bbox 565 2059 665 2118; x_wconf 89' lang='lat' dir='ltr'><strong>minus</strong></span> <span class='ocrx_word' id='word_1_124' title='bbox 684 2057 852 2140; x_wconf 89' lang='lat' dir='ltr'><strong>periculum</strong></span> <span class='ocrx_word' id='word_1_125' title='bbox 873 2077 908 2118; x_wconf 83' lang='lat' dir='ltr'><strong>ex</strong></span> <span class='ocrx_word' id='word_1_126' title='bbox 928 2077 1036 2140; x_wconf 88' lang='lat' dir='ltr'><strong>magna</strong></span> <span class='ocrx_word' id='word_1_127' title='bbox 1056 2057 1136 2118; x_wconf 82' lang='lat' dir='ltr'><strong>sama</strong></span> <span class='ocrx_word' id='word_1_128' title='bbox 1168 2077 1262 2142; x_wconf 88' lang='lat' dir='ltr'><strong>quem</strong></span> <span class='ocrx_word' id='word_1_129' title='bbox 1276 2059 1316 2122; x_wconf 74' lang='lat'><strong>15</strong></span> 
     </span>
     <span class='ocr_line' id='line_1_17' title="bbox 235 2155 1433 2228; baseline -0.009 0"><span class='ocrx_word' id='word_1_130' title='bbox 235 2185 272 2228; x_wconf 83' lang='lat' dir='ltr'><strong>ex</strong></span> <span class='ocrx_word' id='word_1_131' title='bbox 290 2163 382 2228; x_wconf 86' lang='lat' dir='ltr'><strong>mala.</strong></span> <span class='ocrx_word' id='word_1_132' title='bbox 1432 2155 1433 2166; x_wconf 75' lang='grc'>’</span> 
     </span>
    </p>

    <p class='ocr_par' dir='ltr' id='par_1_5' title="bbox 76 2267 1296 2464">
     <span class='ocr_line' id='line_1_18' title="bbox 317 2267 1296 2358; baseline -0.001 -22"><span class='ocrx_word' id='word_1_133' title='bbox 317 2273 398 2336; x_wconf 87' lang='lat' dir='ltr'><strong>Hinc</strong></span> <span class='ocrx_word' id='word_1_134' title='bbox 417 2271 456 2334; x_wconf 89' lang='lat' dir='ltr'><strong>ad</strong></span> <span class='ocrx_word' id='word_1_135' title='bbox 476 2267 674 2356; x_wconf 77' lang='lat' dir='ltr'><strong>capessendos</strong></span> <span class='ocrx_word' id='word_1_136' title='bbox 693 2273 885 2356; x_wconf 78' lang='lat' dir='ltr'><strong>magistratus</strong></span> <span class='ocrx_word' id='word_1_137' title='bbox 904 2273 937 2334; x_wconf 92' lang='lat' dir='ltr'><strong>in</strong></span> <span class='ocrx_word' id='word_1_138' title='bbox 972 2273 1080 2334; x_wconf 88' lang='lat' dir='ltr'><strong>urbem</strong></span> <span class='ocrx_word' id='word_1_139' title='bbox 1109 2267 1296 2358; x_wconf 75' lang='lat' dir='ltr'><strong>digressusss</strong></span> 
     </span>
     <span class='ocr_line' id='line_1_19' title="bbox 76 2373 1264 2464; baseline -0.002 -22"><span class='ocrx_word' id='word_1_140' title='bbox 76 2386 149 2464; x_wconf 66' lang='grc' dir='ltr'>(ιιι.</span> <span class='ocrx_word' id='word_1_141' title='bbox 161 2379 400 2459; x_wconf 72' lang='grc' dir='ltr'>8ι5)ὓοωίῑίαηι</span> <span class='ocrx_word' id='word_1_142' title='bbox 420 2381 616 2443; x_wconf 83' lang='lat' dir='ltr'><strong>Deoidiananr</strong></span> <span class='ocrx_word' id='word_1_143' title='bbox 635 2373 796 2464; x_wconf 76' lang='lat' dir='ltr'><strong>splendidis</strong></span> <span class='ocrx_word' id='word_1_144' title='bbox 817 2381 969 2444; x_wconf 83' lang='lat' dir='ltr'><strong>natalibus</strong></span> <span class='ocrx_word' id='word_1_145' title='bbox 990 2393 1087 2444; x_wconf 86' lang='lat' dir='ltr'><strong>ortam</strong></span> <span class='ocrx_word' id='word_1_146' title='bbox 1101 2381 1164 2446; x_wconf 84' lang='lat' dir='ltr'><strong>sibi</strong></span> <span class='ocrx_word' id='word_1_147' title='bbox 1193 2381 1264 2443; x_wconf 89' lang='lat' dir='ltr'><strong>iun-</strong></span> 
     </span>
    </p>

    <p class='ocr_par' dir='ltr' id='par_1_6' title="bbox 235 2490 1433 2680">
     <span class='ocr_line' id='line_1_20' title="bbox 235 2490 1433 2574; baseline -0.001 -21"><span class='ocrx_word' id='word_1_148' title='bbox 235 2495 297 2571; x_wconf 80' lang='lat' dir='ltr'><strong>xit3</strong></span> <span class='ocrx_word' id='word_1_149' title='bbox 317 2490 411 2574; x_wconf 89' lang='lat' dir='ltr'><strong>idque</strong></span> <span class='ocrx_word' id='word_1_150' title='bbox 431 2491 662 2551; x_wconf 88' lang='lat' dir='ltr'><strong>matrimonium</strong></span> <span class='ocrx_word' id='word_1_151' title='bbox 681 2491 720 2552; x_wconf 89' lang='lat' dir='ltr'><strong>ed</strong></span> <span class='ocrx_word' id='word_1_152' title='bbox 740 2490 857 2551; x_wconf 88' lang='lat' dir='ltr'><strong>maiora</strong></span> <span class='ocrx_word' id='word_1_153' title='bbox 879 2491 986 2552; x_wconf 87' lang='lat' dir='ltr'><strong>nitenti</strong></span> <span class='ocrx_word' id='word_1_154' title='bbox 1005 2491 1146 2552; x_wconf 83' lang='lat' dir='ltr'><strong>decusas</strong></span> <span class='ocrx_word' id='word_1_155' title='bbox 1166 2491 1265 2552; x_wconf 89' lang='lat' dir='ltr'><strong>robur</strong></span> <span class='ocrx_word' id='word_1_156' title='bbox 1432 2491 1433 2570; x_wconf 73' lang='lat' dir='ltr'><strong>l</strong></span> 
     </span>
     <span class='ocr_line' id='line_1_21' title="bbox 236 2587 1316 2680; baseline 0.001 -19"><span class='ocrx_word' id='word_1_157' title='bbox 236 2600 306 2662; x_wconf 83' lang='lat' dir='ltr'><strong>ibit.</strong></span> <span class='ocrx_word' id='word_1_158' title='bbox 348 2597 557 2677; x_wconf 75' lang='lat' dir='ltr'><strong>vixeruntque</strong></span> <span class='ocrx_word' id='word_1_159' title='bbox 576 2598 651 2657; x_wconf 89' lang='lat' dir='ltr'><strong>mira</strong></span> <span class='ocrx_word' id='word_1_160' title='bbox 673 2598 847 2676; x_wconf 87' lang='lat' dir='ltr'><strong>concordia,</strong></span> <span class='ocrx_word' id='word_1_161' title='bbox 870 2619 926 2680; x_wconf 90' lang='lat' dir='ltr'><strong>per</strong></span> <span class='ocrx_word' id='word_1_162' title='bbox 948 2587 1085 2660; x_wconf 82' lang='lat' dir='ltr'><strong>mutuam</strong></span> <span class='ocrx_word' id='word_1_163' title='bbox 1106 2600 1316 2664; x_wconf 81' lang='lat' dir='ltr'><strong>caritatemeo</strong></span> 
     </span>
    </p>
   </div>
   <div class='ocr_carea' id='block_1_3' title="bbox 237 2702 1265 2898">
    <p class='ocr_par' dir='ltr' id='par_1_7' title="bbox 237 2702 1265 2898">
     <span class='ocr_line' id='line_1_22' title="bbox 237 2702 1265 2788; baseline 0.002 -18"><span class='ocrx_word' id='word_1_164' title='bbox 237 2718 268 2770; x_wconf 88' lang='lat' dir='ltr'><strong>et</strong></span> <span class='ocrx_word' id='word_1_165' title='bbox 286 2707 319 2765; x_wconf 93' lang='lat' dir='ltr'><strong>in</strong></span> <span class='ocrx_word' id='word_1_166' title='bbox 332 2705 427 2766; x_wconf 86' lang='lat' dir='ltr'><strong>vicem</strong></span> <span class='ocrx_word' id='word_1_167' title='bbox 438 2719 470 2764; x_wconf 86' lang='lat' dir='ltr'><strong>se</strong></span> <span class='ocrx_word' id='word_1_168' title='bbox 486 2702 697 2785; x_wconf 86' lang='lat' dir='ltr'><strong>anteponendo</strong></span> <span class='ocrx_word' id='word_1_169' title='bbox 718 2704 807 2788; x_wconf 71' lang='lat' dir='ltr'><strong>[misi</strong></span> <span class='ocrx_word' id='word_1_170' title='bbox 826 2705 910 2786; x_wconf 89' lang='lat' dir='ltr'><strong>quod</strong></span> <span class='ocrx_word' id='word_1_171' title='bbox 930 2706 960 2766; x_wconf 91' lang='lat' dir='ltr'><strong>in</strong></span> <span class='ocrx_word' id='word_1_172' title='bbox 976 2706 1056 2768; x_wconf 91' lang='lat' dir='ltr'><strong>bona</strong></span> <span class='ocrx_word' id='word_1_173' title='bbox 1075 2719 1265 2772; x_wconf 84' lang='lat' dir='ltr'><strong>uxoretauto</strong></span> 
     </span>
     <span class='ocr_line' id='line_1_23' title="bbox 237 2807 1009 2898; baseline -0.001 -25"><span class='ocrx_word' id='word_1_174' title='bbox 237 2812 337 2874; x_wconf 88' lang='lat' dir='ltr'><strong>maior</strong></span> <span class='ocrx_word' id='word_1_175' title='bbox 357 2809 421 2870; x_wconf 87' lang='lat' dir='ltr'><strong>laus</strong></span> <span class='ocrx_word' id='word_1_176' title='bbox 441 2816 555 2889; x_wconf 88' lang='lat' dir='ltr'><strong>quanto</strong></span> <span class='ocrx_word' id='word_1_177' title='bbox 576 2807 609 2869; x_wconf 84' lang='lat' dir='ltr'><strong>ih</strong></span> <span class='ocrx_word' id='word_1_178' title='bbox 626 2807 718 2898; x_wconf 83' lang='lat' dir='ltr'><strong>mala</strong></span> <span class='ocrx_word' id='word_1_179' title='bbox 730 2808 796 2892; x_wconf 90' lang='lat' dir='ltr'><strong>plus</strong></span> <span class='ocrx_word' id='word_1_180' title='bbox 815 2810 923 2892; x_wconf 87' lang='lat' dir='ltr'><strong>culpae</strong></span> <span class='ocrx_word' id='word_1_181' title='bbox 942 2819 1009 2888; x_wconf 83' lang='lat' dir='ltr'><strong>estJ.</strong></span> 
     </span>
    </p>
   </div>
   <div class='ocr_carea' id='block_1_4' title="bbox 234 2945 518 2966">
    <p class='ocr_par' dir='ltr' id='par_1_8' title="bbox 234 2945 518 2966">
     <span class='ocr_line' id='line_1_24' title="bbox 234 2945 518 2966; baseline -0.018 0"><span class='ocrx_word' id='word_1_182' title='bbox 234 2945 518 2966; x_wconf 50' lang='lat' dir='ltr'>——n———Q</span> 
     </span>
    </p>
   </div>
   <div class='ocr_carea' id='block_1_5' title="bbox 133 2993 1376 4046">
    <p class='ocr_par' dir='ltr' id='par_1_9' title="bbox 133 2993 1376 4046">
     <span class='ocr_line' id='line_1_25' title="bbox 312 2993 1266 3090; baseline 0.019 -33"><span class='ocrx_word' id='word_1_183' title='bbox 312 3015 365 3083; x_wconf 52' lang='grc' dir='ltr'><strong>μή.</strong></span> <span class='ocrx_word' id='word_1_184' title='bbox 382 3013 523 3068; x_wconf 73' lang='lat' dir='ltr'><strong>Sententia</strong></span> <span class='ocrx_word' id='word_1_185' title='bbox 540 2993 595 3077; x_wconf 64' lang='lat' dir='ltr'><strong>est,</strong></span> <span class='ocrx_word' id='word_1_186' title='bbox 607 3012 727 3084; x_wconf 79' lang='lat' dir='ltr'><strong>quamvis</strong></span> <span class='ocrx_word' id='word_1_187' title='bbox 747 3013 807 3066; x_wconf 86' lang='lat' dir='ltr'><strong>sine</strong></span> <span class='ocrx_word' id='word_1_188' title='bbox 823 3031 919 3086; x_wconf 86' lang='lat' dir='ltr'><strong>magua</strong></span> <span class='ocrx_word' id='word_1_189' title='bbox 938 3017 1096 3073; x_wconf 83' lang='lat' dir='ltr'><strong>difficultate</strong></span> <span class='ocrx_word' id='word_1_190' title='bbox 1117 3020 1153 3074; x_wconf 89' lang='lat' dir='ltr'><strong>ad</strong></span> <span class='ocrx_word' id='word_1_191' title='bbox 1165 3019 1266 3090; x_wconf 86' lang='lat' dir='ltr'><strong>rolnp·</strong></span> 
     </span>
     <span class='ocr_line' id='line_1_26' title="bbox 239 3103 1313 3198; baseline 0.002 -32"><span class='ocrx_word' id='word_1_192' title='bbox 239 3116 310 3198; x_wconf 64' lang='lat' dir='ltr'><strong>teter</strong></span> <span class='ocrx_word' id='word_1_193' title='bbox 325 3115 358 3163; x_wconf 79' lang='lat' dir='ltr'><strong>ot</strong></span> <span class='ocrx_word' id='word_1_194' title='bbox 376 3103 542 3164; x_wconf 74' lang='lat' dir='ltr'><strong>commeatus</strong></span> <span class='ocrx_word' id='word_1_195' title='bbox 560 3111 639 3162; x_wconf 84' lang='lat' dir='ltr'><strong>venia</strong></span> <span class='ocrx_word' id='word_1_196' title='bbox 659 3109 718 3162; x_wconf 82' lang='lat' dir='ltr'><strong>eie</strong></span> <span class='ocrx_word' id='word_1_197' title='bbox 739 3109 807 3162; x_wconf 87' lang='lat' dir='ltr'><strong>duee</strong></span> <span class='ocrx_word' id='word_1_198' title='bbox 828 3109 892 3164; x_wconf 85' lang='lat' dir='ltr'><strong>data</strong></span> <span class='ocrx_word' id='word_1_199' title='bbox 911 3121 990 3176; x_wconf 87' lang='lat' dir='ltr'><strong>esset,</strong></span> <span class='ocrx_word' id='word_1_200' title='bbox 1011 3117 1110 3182; x_wconf 86' lang='lat' dir='ltr'><strong>partim</strong></span> <span class='ocrx_word' id='word_1_201' title='bbox 1130 3115 1204 3187; x_wconf 87' lang='lat' dir='ltr'><strong>quod</strong></span> <span class='ocrx_word' id='word_1_202' title='bbox 1216 3117 1269 3170; x_wconf 86' lang='lat' dir='ltr'><strong>tri-</strong></span> <span class='ocrx_word' id='word_1_203' title='bbox 1309 3181 1313 3186; x_wconf 28' lang='grc' dir='ltr'>Ι</span> 
     </span>
     <span class='ocr_line' id='line_1_27' title="bbox 240 3205 1376 3278; baseline 0.001 -18"><span class='ocrx_word' id='word_1_204' title='bbox 240 3206 331 3260; x_wconf 82' lang='lat' dir='ltr'><strong>burrus</strong></span> <span class='ocrx_word' id='word_1_205' title='bbox 349 3207 475 3273; x_wconf 84' lang='lat' dir='ltr'><strong>militaris</strong></span> <span class='ocrx_word' id='word_1_206' title='bbox 489 3212 555 3269; x_wconf 82' lang='lat' dir='ltr'><strong>eret,</strong></span> <span class='ocrx_word' id='word_1_207' title='bbox 572 3207 671 3274; x_wconf 87' lang='lat' dir='ltr'><strong>partim</strong></span> <span class='ocrx_word' id='word_1_208' title='bbox 680 3205 754 3278; x_wconf 88' lang='lat' dir='ltr'><strong>quod</strong></span> <span class='ocrx_word' id='word_1_209' title='bbox 768 3213 863 3278; x_wconf 87' lang='lat' dir='ltr'><strong>utpote</strong></span> <span class='ocrx_word' id='word_1_210' title='bbox 874 3206 1030 3260; x_wconf 78' lang='lat' dir='ltr'><strong>adolescens</strong></span> <span class='ocrx_word' id='word_1_211' title='bbox 1049 3210 1149 3278; x_wconf 86' lang='lat' dir='ltr'><strong>insigni</strong></span> <span class='ocrx_word' id='word_1_212' title='bbox 1164 3215 1268 3262; x_wconf 86' lang='lat' dir='ltr'><strong>castro-</strong></span> <span class='ocrx_word' id='word_1_213' title='bbox 1372 3269 1376 3274; x_wconf 49' lang='grc'><em>,</em></span> 
     </span>
     <span class='ocr_line' id='line_1_28' title="bbox 240 3301 1270 3374; baseline -0.002 -18"><span class='ocrx_word' id='word_1_214' title='bbox 240 3317 301 3356; x_wconf 82' lang='lat' dir='ltr'><strong>ram</strong></span> <span class='ocrx_word' id='word_1_215' title='bbox 318 3303 486 3374; x_wconf 82' lang='lat' dir='ltr'><strong>experientia</strong></span> <span class='ocrx_word' id='word_1_216' title='bbox 504 3301 650 3366; x_wconf 87' lang='lat' dir='ltr'><strong>etiamnum</strong></span> <span class='ocrx_word' id='word_1_217' title='bbox 669 3301 849 3356; x_wconf 84' lang='lat' dir='ltr'><strong>destitutura</strong></span> <span class='ocrx_word' id='word_1_218' title='bbox 867 3303 936 3356; x_wconf 90' lang='lat' dir='ltr'><strong>duce</strong></span> <span class='ocrx_word' id='word_1_219' title='bbox 956 3317 1012 3356; x_wconf 89' lang='lat' dir='ltr'><strong>nou</strong></span> <span class='ocrx_word' id='word_1_220' title='bbox 1032 3303 1101 3355; x_wconf 85' lang='lat' dir='ltr'><strong>adeo</strong></span> <span class='ocrx_word' id='word_1_221' title='bbox 1130 3303 1270 3356; x_wconf 86' lang='lat' dir='ltr'><strong>desidera-</strong></span> 
     </span>
     <span class='ocr_line' id='line_1_29' title="bbox 241 3377 1295 3472; baseline 0.001 -24"><span class='ocrx_word' id='word_1_222' title='bbox 241 3395 341 3465; x_wconf 80' lang='lat' dir='ltr'><strong>batur,</strong></span> <span class='ocrx_word' id='word_1_223' title='bbox 358 3407 449 3454; x_wconf 88' lang='lat' dir='ltr'><strong>tamen</strong></span> <span class='ocrx_word' id='word_1_224' title='bbox 466 3400 510 3453; x_wconf 86' lang='lat' dir='ltr'><strong>his</strong></span> <span class='ocrx_word' id='word_1_225' title='bbox 527 3399 675 3453; x_wconf 82' lang='lat' dir='ltr'><strong>commodis</strong></span> <span class='ocrx_word' id='word_1_226' title='bbox 690 3396 769 3450; x_wconf 79' lang='lat' dir='ltr'><strong>abuti</strong></span> <span class='ocrx_word' id='word_1_227' title='bbox 789 3395 886 3450; x_wconf 72' lang='lat' dir='ltr'><strong>noluit</strong></span> <span class='ocrx_word' id='word_1_228' title='bbox 943 3451 946 3472; x_wconf 52' lang='grc' dir='ltr'>Ι</span> <span class='ocrx_word' id='word_1_229' title='bbox 1288 3377 1295 3394; x_wconf 25' lang='lat' dir='ltr'>x</span> 
     </span>
     <span class='ocr_line' id='line_1_30' title="bbox 326 3495 581 3568; baseline -0.008 -20"><span class='ocrx_word' id='word_1_230' title='bbox 326 3513 353 3564; x_wconf 83' lang='lat'><strong>9.</strong></span> <span class='ocrx_word' id='word_1_231' title='bbox 371 3495 511 3568; x_wconf 80' lang='lat' dir='ltr'><strong>interrepti</strong></span> <span class='ocrx_word' id='word_1_232' title='bbox 528 3495 581 3550; x_wconf 78' lang='lat' dir='ltr'><strong>Vb.</strong></span> 
     </span>
     <span class='ocr_line' id='line_1_31' title="bbox 312 3583 1272 3663; baseline -0.003 -23"><span class='ocrx_word' id='word_1_233' title='bbox 312 3604 354 3645; x_wconf 83' lang='lat' dir='ltr'><strong>ar·</strong></span> <span class='ocrx_word' id='word_1_234' title='bbox 370 3593 460 3646; x_wconf 79' lang='lat' dir='ltr'><strong>Verba</strong></span> <span class='ocrx_word' id='word_1_235' title='bbox 478 3593 634 3663; x_wconf 87' lang='lat' dir='ltr'><strong>quaeuneis</strong></span> <span class='ocrx_word' id='word_1_236' title='bbox 652 3598 683 3644; x_wconf 89' lang='lat' dir='ltr'><strong>ut</strong></span> <span class='ocrx_word' id='word_1_237' title='bbox 700 3590 833 3643; x_wconf 77' lang='lat' dir='ltr'><strong>emblema</strong></span> <span class='ocrx_word' id='word_1_238' title='bbox 849 3589 1053 3662; x_wconf 88' lang='lat' dir='ltr'><strong>interpolatoris</strong></span> <span class='ocrx_word' id='word_1_239' title='bbox 1070 3583 1272 3656; x_wconf 80' lang='lat' dir='ltr'><strong>designavimus</strong></span> 
     </span>
     <span class='ocr_line' id='line_1_32' title="bbox 136 3681 1269 3759; baseline -0.006 -23"><span class='ocrx_word' id='word_1_240' title='bbox 136 3703 139 3712; x_wconf 88' lang='lat'>·</span> <span class='ocrx_word' id='word_1_241' title='bbox 243 3687 299 3736; x_wconf 78' lang='lat' dir='ltr'><strong>ietn</strong></span> <span class='ocrx_word' id='word_1_242' title='bbox 316 3685 510 3755; x_wconf 78' lang='lat' dir='ltr'><strong>interpretibus</strong></span> <span class='ocrx_word' id='word_1_243' title='bbox 528 3705 607 3759; x_wconf 89' lang='lat' dir='ltr'><strong>qnam</strong></span> <span class='ocrx_word' id='word_1_244' title='bbox 626 3687 845 3742; x_wconf 86' lang='lat' dir='ltr'><strong>emendatoribus</strong></span> <span class='ocrx_word' id='word_1_245' title='bbox 866 3687 992 3739; x_wconf 88' lang='lat' dir='ltr'><strong>inutilem</strong></span> <span class='ocrx_word' id='word_1_246' title='bbox 1018 3698 1127 3754; x_wconf 86' lang='lat' dir='ltr'><strong>operam</strong></span> <span class='ocrx_word' id='word_1_247' title='bbox 1152 3681 1269 3732; x_wconf 85' lang='lat' dir='ltr'><strong>lacesse·</strong></span> 
     </span>
     <span class='ocr_line' id='line_1_33' title="bbox 133 3755 1272 3854; baseline -0.014 -14"><span class='ocrx_word' id='word_1_248' title='bbox 133 3831 142 3840; x_wconf 40' lang='lat' dir='ltr'><strong><em>f</em></strong></span> <span class='ocrx_word' id='word_1_249' title='bbox 244 3784 325 3843; x_wconf 78' lang='lat' dir='ltr'><strong>mni,</strong></span> <span class='ocrx_word' id='word_1_250' title='bbox 353 3799 468 3850; x_wconf 84' lang='lat' dir='ltr'><strong>qnorum</strong></span> <span class='ocrx_word' id='word_1_251' title='bbox 495 3791 608 3837; x_wconf 85' lang='lat' dir='ltr'><strong>conatus</strong></span> <span class='ocrx_word' id='word_1_252' title='bbox 634 3793 663 3836; x_wconf 88' lang='lat' dir='ltr'><strong>et</strong></span> <span class='ocrx_word' id='word_1_253' title='bbox 686 3799 789 3836; x_wconf 88' lang='lat' dir='ltr'><strong>errores</strong></span> <span class='ocrx_word' id='word_1_254' title='bbox 818 3783 865 3854; x_wconf 74' lang='lat' dir='ltr'><strong>qui</strong></span> <span class='ocrx_word' id='word_1_255' title='bbox 885 3783 960 3836; x_wconf 80' lang='lat' dir='ltr'><strong>solet</strong></span> <span class='ocrx_word' id='word_1_256' title='bbox 977 3795 1070 3832; x_wconf 88' lang='lat' dir='ltr'><strong>omnes</strong></span> <span class='ocrx_word' id='word_1_257' title='bbox 1097 3755 1272 3846; x_wconf 75' lang='lat' dir='ltr'><strong>cognoscere,</strong></span> 
     </span>
     <span class='ocr_line' id='line_1_34' title="bbox 244 3869 1271 3944; baseline -0.006 -19"><span class='ocrx_word' id='word_1_258' title='bbox 244 3872 326 3931; x_wconf 80' lang='lat' dir='ltr'><strong>adest</strong></span> <span class='ocrx_word' id='word_1_259' title='bbox 347 3874 575 3944; x_wconf 86' lang='lat' dir='ltr'><strong>locupletissimos</strong></span> <span class='ocrx_word' id='word_1_260' title='bbox 603 3879 764 3932; x_wconf 79' lang='lat' dir='ltr'><strong>eruditionis</strong></span> <span class='ocrx_word' id='word_1_261' title='bbox 790 3877 946 3937; x_wconf 83' lang='lat' dir='ltr'><strong>thesauros,</strong></span> <span class='ocrx_word' id='word_1_262' title='bbox 978 3890 1045 3944; x_wconf 91' lang='lat' dir='ltr'><strong>quos</strong></span> <span class='ocrx_word' id='word_1_263' title='bbox 1075 3872 1111 3928; x_wconf 83' lang='lat' dir='ltr'><strong>ad</strong></span> <span class='ocrx_word' id='word_1_264' title='bbox 1135 3872 1208 3924; x_wconf 81' lang='lat' dir='ltr'><strong>hune</strong></span> <span class='ocrx_word' id='word_1_265' title='bbox 1225 3869 1271 3920; x_wconf 82' lang='lat' dir='ltr'><strong>lo-</strong></span> 
     </span>
     <span class='ocr_line' id='line_1_35' title="bbox 245 3965 1272 4046; baseline -0.006 -24"><span class='ocrx_word' id='word_1_266' title='bbox 245 3985 306 4026; x_wconf 85' lang='lat' dir='ltr'><strong>cum</strong></span> <span class='ocrx_word' id='word_1_267' title='bbox 324 3971 456 4039; x_wconf 85' lang='lat' dir='ltr'><strong>congessit</strong></span> <span class='ocrx_word' id='word_1_268' title='bbox 473 3974 625 4043; x_wconf 76' lang='lat' dir='ltr'><strong>Walohins5</strong></span> <span class='ocrx_word' id='word_1_269' title='bbox 643 3976 701 4046; x_wconf 85' lang='lat' dir='ltr'><strong>ipre</strong></span> <span class='ocrx_word' id='word_1_270' title='bbox 726 3973 794 4028; x_wconf 88' lang='lat' dir='ltr'><strong>haec</strong></span> <span class='ocrx_word' id='word_1_271' title='bbox 823 3971 961 4026; x_wconf 86' lang='lat' dir='ltr'><strong>nonnollis</strong></span> <span class='ocrx_word' id='word_1_272' title='bbox 981 3967 1151 4040; x_wconf 88' lang='lat' dir='ltr'><strong>apponendis</strong></span> <span class='ocrx_word' id='word_1_273' title='bbox 1178 3971 1205 4017; x_wconf 88' lang='lat' dir='ltr'><strong>et</strong></span> <span class='ocrx_word' id='word_1_274' title='bbox 1223 3965 1272 4016; x_wconf 65' lang='lat' dir='ltr'><strong>in-</strong></span> 
     </span>
    </p>
   </div>
   <div class='ocr_carea' id='block_1_6' title="bbox 0 0 1474 4728">
    <p class='ocr_par' dir='ltr' id='par_1_10' title="bbox 0 0 1474 4728">
     <span class='ocr_line' id='line_1_36' title="bbox 0 0 1474 4728; baseline 0 0"><span class='ocrx_word' id='word_1_275' title='bbox 0 0 1474 4728; x_wconf 95' lang='lat' dir='ltr'><strong> </strong></span> 
     </span>
    </p>
   </div>
  </div>
 </body>
</html>
