<?xml version="1.0" encoding="UTF-8"?>
<!DOCTYPE html PUBLIC "-//W3C//DTD XHTML 1.0 Transitional//EN"
    "http://www.w3.org/TR/xhtml1/DTD/xhtml1-transitional.dtd">
<html xmlns="http://www.w3.org/1999/xhtml" xml:lang="en" lang="en">
 <head>
  <title>
</title>
<meta http-equiv="Content-Type" content="text/html;charset=utf-8" />
  <meta name='ocr-system' content='tesseract 3.04.00' />
  <meta name='ocr-capabilities' content='ocr_page ocr_carea ocr_par ocr_line ocrx_word'/>
</head>
<body>
  <div class='ocr_page' id='page_1' title='image "./ccorneliitaciti01rittgoog_0065.png"; bbox 0 0 2914 4724; ppageno 0'>
   <div class='ocr_carea' id='block_1_1' title="bbox 512 433 1227 536">
    <p class='ocr_par' dir='ltr' id='par_1_1' title="bbox 512 433 1227 536">
     <span class='ocr_line' id='line_1_1' title="bbox 512 433 1227 536; baseline 0.024 -17"><span class='ocrx_word' id='word_1_1' title='bbox 512 433 594 520; x_wconf 81' lang='lat' dir='ltr'>‘nin</span> <span class='ocrx_word' id='word_1_2' title='bbox 626 461 651 523; x_wconf 88' lang='lat'>1.</span> <span class='ocrx_word' id='word_1_3' title='bbox 672 457 759 533; x_wconf 79' lang='lat' dir='ltr'>ose.</span> <span class='ocrx_word' id='word_1_4' title='bbox 782 463 919 526; x_wconf 82' lang='lat' dir='ltr'>rt-rs.</span> <span class='ocrx_word' id='word_1_5' title='bbox 1186 459 1227 536; x_wconf 73' lang='lat'>⁵3</span> 
     </span>
    </p>
   </div>
   <div class='ocr_carea' id='block_1_2' title="bbox 97 637 1391 1788">
    <p class='ocr_par' dir='ltr' id='par_1_2' title="bbox 97 637 1391 1788">
     <span class='ocr_line' id='line_1_2' title="bbox 199 637 1391 726; baseline 0 -26"><span class='ocrx_word' id='word_1_6' title='bbox 199 639 329 704; x_wconf 81' lang='lat' dir='ltr'>vocibus</span> <span class='ocrx_word' id='word_1_7' title='bbox 350 639 537 726; x_wconf 76' lang='lat' dir='ltr'>obstrepere,</span> <span class='ocrx_word' id='word_1_8' title='bbox 561 641 654 704; x_wconf 84' lang='lat' dir='ltr'>donec</span> <span class='ocrx_word' id='word_1_9' title='bbox 673 641 837 723; x_wconf 76' lang='lat' dir='ltr'><strong>Tigellinus</strong></span> <span class='ocrx_word' id='word_1_10' title='bbox 857 649 982 722; x_wconf 81' lang='lat' dir='ltr'>accepto</span> <span class='ocrx_word' id='word_1_11' title='bbox 1003 637 1085 724; x_wconf 88' lang='lat' dir='ltr'>apud</span> <span class='ocrx_word' id='word_1_12' title='bbox 1105 638 1230 703; x_wconf 84' lang='lat' dir='ltr'>Sinues-</span> <span class='ocrx_word' id='word_1_13' title='bbox 1244 649 1271 722; x_wconf 78' lang='lat' dir='ltr'>(a</span> <span class='ocrx_word' id='word_1_14' title='bbox 1287 647 1316 700; x_wconf 83' lang='lat' dir='ltr'>C.</span> <span class='ocrx_word' id='word_1_15' title='bbox 1333 648 1391 715; x_wconf 57' lang='lat'>⁰9³</span> 
     </span>
     <span class='ocr_line' id='line_1_3' title="bbox 97 749 1231 832; baseline -0.003 -23"><span class='ocrx_word' id='word_1_16' title='bbox 97 754 104 785; x_wconf 86' lang='lat'>&#39;·</span> <span class='ocrx_word' id='word_1_17' title='bbox 201 769 288 809; x_wconf 84' lang='lat' dir='ltr'>sanas</span> <span class='ocrx_word' id='word_1_18' title='bbox 303 769 394 832; x_wconf 83' lang='lat' dir='ltr'>aquas</span> <span class='ocrx_word' id='word_1_19' title='bbox 406 771 563 832; x_wconf 88' lang='lat' dir='ltr'>supremae</span> <span class='ocrx_word' id='word_1_20' title='bbox 579 751 761 812; x_wconf 80' lang='lat' dir='ltr'>necessitatis</span> <span class='ocrx_word' id='word_1_21' title='bbox 779 749 1101 830; x_wconf 86' lang='lat' dir='ltr'>nuntio,interstupm</span> <span class='ocrx_word' id='word_1_22' title='bbox 1118 769 1231 807; x_wconf 87' lang='lat' dir='ltr'>coneu-</span> 
     </span>
     <span class='ocr_line' id='line_1_4' title="bbox 151 853 1232 932; baseline -0.003 -14"><span class='ocrx_word' id='word_1_23' title='bbox 151 911 155 918; x_wconf 72' lang='grc'>,</span> <span class='ocrx_word' id='word_1_24' title='bbox 200 853 340 916; x_wconf 86' lang='lat' dir='ltr'>binarum</span> <span class='ocrx_word' id='word_1_25' title='bbox 363 864 394 918; x_wconf 84' lang='lat' dir='ltr'>et</span> <span class='ocrx_word' id='word_1_26' title='bbox 414 855 516 918; x_wconf 84' lang='lat' dir='ltr'>oscula</span> <span class='ocrx_word' id='word_1_27' title='bbox 537 867 568 918; x_wconf 87' lang='lat' dir='ltr'>et</span> <span class='ocrx_word' id='word_1_28' title='bbox 587 857 739 918; x_wconf 79' lang='lat' dir='ltr'><strong>deformes</strong></span> <span class='ocrx_word' id='word_1_29' title='bbox 761 853 876 932; x_wconf 84' lang='lat' dir='ltr'>morai,</span> <span class='ocrx_word' id='word_1_30' title='bbox 897 855 981 918; x_wconf 86' lang='lat' dir='ltr'>sectis</span> <span class='ocrx_word' id='word_1_31' title='bbox 1003 855 1151 916; x_wconf 86' lang='lat' dir='ltr'>novacula</span> <span class='ocrx_word' id='word_1_32' title='bbox 1165 854 1232 915; x_wconf 81' lang='lat' dir='ltr'>ssu·</span> 
     </span>
     <span class='ocr_line' id='line_1_5' title="bbox 200 960 1232 1038; baseline 0 -18"><span class='ocrx_word' id='word_1_33' title='bbox 200 960 447 1024; x_wconf 77' lang='lat' dir='ltr'>cibusinlitmem</span> <span class='ocrx_word' id='word_1_34' title='bbox 466 966 560 1024; x_wconf 86' lang='lat' dir='ltr'>vitam</span> <span class='ocrx_word' id='word_1_35' title='bbox 580 961 716 1022; x_wconf 86' lang='lat' dir='ltr'>foedarit</span> <span class='ocrx_word' id='word_1_36' title='bbox 740 963 828 1020; x_wconf 87' lang='lat' dir='ltr'>etiarn</span> <span class='ocrx_word' id='word_1_37' title='bbox 850 963 928 1021; x_wconf 85' lang='lat' dir='ltr'>exitu</span> <span class='ocrx_word' id='word_1_38' title='bbox 951 983 1019 1021; x_wconf 85' lang='lat' dir='ltr'>sero</span> <span class='ocrx_word' id='word_1_39' title='bbox 1052 961 1232 1038; x_wconf 63' lang='lat' dir='ltr'>etjinhooe-</span> 
     </span>
     <span class='ocr_line' id='line_1_6' title="bbox 137 1043 1231 1148; baseline 0.003 -23"><span class='ocrx_word' id='word_1_40' title='bbox 137 1043 258 1142; x_wconf 56' lang='lat' dir='ltr'>libato.</span> <span class='ocrx_word' id='word_1_41' title='bbox 301 1069 363 1131; x_wconf 88' lang='lat' dir='ltr'>Per</span> <span class='ocrx_word' id='word_1_42' title='bbox 384 1069 465 1130; x_wconf 89' lang='lat' dir='ltr'>idem</span> <span class='ocrx_word' id='word_1_43' title='bbox 486 1079 605 1148; x_wconf 89' lang='lat' dir='ltr'>tempus</span> <span class='ocrx_word' id='word_1_44' title='bbox 637 1063 821 1147; x_wconf 82' lang='lat' dir='ltr'>expostulata</span> <span class='ocrx_word' id='word_1_45' title='bbox 850 1065 889 1125; x_wconf 87' lang='lat' dir='ltr'>ad</span> <span class='ocrx_word' id='word_1_46' title='bbox 917 1067 1093 1148; x_wconf 89' lang='lat' dir='ltr'>supplicium</span> <span class='ocrx_word' id='word_1_47' title='bbox 1122 1067 1231 1128; x_wconf 86' lang='lat' dir='ltr'>Galvia</span> 
     </span>
     <span class='ocr_line' id='line_1_7' title="bbox 201 1172 1232 1257; baseline -0.001 -21"><span class='ocrx_word' id='word_1_48' title='bbox 201 1175 377 1257; x_wconf 81' lang='lat' dir='ltr'>Crispinilla</span> <span class='ocrx_word' id='word_1_49' title='bbox 405 1175 499 1236; x_wconf 89' lang='lat' dir='ltr'>variis</span> <span class='ocrx_word' id='word_1_50' title='bbox 527 1172 772 1234; x_wconf 74' lang='lat' dir='ltr'>frustrationibus</span> <span class='ocrx_word' id='word_1_51' title='bbox 798 1183 827 1233; x_wconf 92' lang='lat' dir='ltr'>et</span> <span class='ocrx_word' id='word_1_52' title='bbox 856 1173 983 1234; x_wconf 82' lang='lat' dir='ltr'>adversa</span> <span class='ocrx_word' id='word_1_53' title='bbox 1015 1173 1232 1235; x_wconf 71' lang='lat' dir='ltr'>dissimulantis</span> 
     </span>
     <span class='ocr_line' id='line_1_8' title="bbox 185 1280 1232 1362; baseline 0 -20"><span class='ocrx_word' id='word_1_54' title='bbox 185 1280 350 1362; x_wconf 61' lang='lat' dir='ltr'>„principis</span> <span class='ocrx_word' id='word_1_55' title='bbox 371 1282 450 1342; x_wconf 85' lang='lat' dir='ltr'>sama</span> <span class='ocrx_word' id='word_1_56' title='bbox 470 1281 603 1362; x_wconf 88' lang='lat' dir='ltr'>periculo</span> <span class='ocrx_word' id='word_1_57' title='bbox 629 1289 762 1360; x_wconf 83' lang='lat' dir='ltr'>exempta</span> <span class='ocrx_word' id='word_1_58' title='bbox 793 1289 848 1339; x_wconf 89' lang='lat' dir='ltr'>est.</span> <span class='ocrx_word' id='word_1_59' title='bbox 892 1281 1036 1360; x_wconf 87' lang='lat' dir='ltr'>Magistro</span> <span class='ocrx_word' id='word_1_60' title='bbox 1070 1281 1232 1342; x_wconf 73' lang='lat' dir='ltr'>libidinum</span> 
     </span>
     <span class='ocr_line' id='line_1_9' title="bbox 201 1385 1230 1468; baseline 0.005 -21"><span class='ocrx_word' id='word_1_61' title='bbox 201 1389 348 1462; x_wconf 86' lang='lat' dir='ltr'>Neronis,</span> <span class='ocrx_word' id='word_1_62' title='bbox 375 1397 558 1468; x_wconf 85' lang='lat' dir='ltr'>transgressa</span> <span class='ocrx_word' id='word_1_63' title='bbox 575 1390 604 1448; x_wconf 90' lang='lat' dir='ltr'>in</span> <span class='ocrx_word' id='word_1_64' title='bbox 628 1387 760 1448; x_wconf 80' lang='lat' dir='ltr'>Africam</span> <span class='ocrx_word' id='word_1_65' title='bbox 782 1385 820 1446; x_wconf 93' lang='lat' dir='ltr'>ad</span> <span class='ocrx_word' id='word_1_66' title='bbox 844 1388 1048 1468; x_wconf 87' lang='lat' dir='ltr'>instigandum</span> <span class='ocrx_word' id='word_1_67' title='bbox 1082 1388 1112 1448; x_wconf 90' lang='lat' dir='ltr'>iu</span> <span class='ocrx_word' id='word_1_68' title='bbox 1145 1411 1230 1452; x_wconf 85' lang='lat' dir='ltr'>arma</span> 
     </span>
     <span class='ocr_line' id='line_1_10' title="bbox 200 1489 1231 1576; baseline 0.004 -24"><span class='ocrx_word' id='word_1_69' title='bbox 200 1492 345 1555; x_wconf 85' lang='lat' dir='ltr'>Clodium</span> <span class='ocrx_word' id='word_1_70' title='bbox 368 1499 523 1564; x_wconf 82' lang='lat' dir='ltr'>Macrum,</span> <span class='ocrx_word' id='word_1_71' title='bbox 555 1489 664 1553; x_wconf 84' lang='lat' dir='ltr'>famem</span> <span class='ocrx_word' id='word_1_72' title='bbox 686 1491 799 1576; x_wconf 90' lang='lat' dir='ltr'>pupulo</span> <span class='ocrx_word' id='word_1_73' title='bbox 820 1494 960 1555; x_wconf 85' lang='lat' dir='ltr'>Romano</span> <span class='ocrx_word' id='word_1_74' title='bbox 991 1493 1074 1556; x_wconf 88' lang='lat' dir='ltr'>haud</span> <span class='ocrx_word' id='word_1_75' title='bbox 1102 1495 1231 1556; x_wconf 85' lang='lat' dir='ltr'>obscure</span> 
     </span>
     <span class='ocr_line' id='line_1_11' title="bbox 155 1601 1230 1682; baseline 0.005 -23"><span class='ocrx_word' id='word_1_76' title='bbox 155 1601 321 1678; x_wconf 75' lang='lat' dir='ltr'>tumulltu,</span> <span class='ocrx_word' id='word_1_77' title='bbox 342 1603 432 1661; x_wconf 87' lang='lat' dir='ltr'>totius</span> <span class='ocrx_word' id='word_1_78' title='bbox 453 1610 560 1681; x_wconf 86' lang='lat' dir='ltr'>postea</span> <span class='ocrx_word' id='word_1_79' title='bbox 585 1601 716 1662; x_wconf 86' lang='lat' dir='ltr'>civitatis</span> <span class='ocrx_word' id='word_1_80' title='bbox 745 1603 874 1682; x_wconf 85' lang='lat' dir='ltr'>gratiam</span> <span class='ocrx_word' id='word_1_81' title='bbox 900 1601 1048 1680; x_wconf 85' lang='lat' dir='ltr'>obtinuit,</span> <span class='ocrx_word' id='word_1_82' title='bbox 1079 1605 1230 1664; x_wconf 86' lang='lat' dir='ltr'>consulari</span> 
     </span>
     <span class='ocr_line' id='line_1_12' title="bbox 197 1707 1230 1788; baseline 0.004 -22"><span class='ocrx_word' id='word_1_83' title='bbox 197 1709 392 1768; x_wconf 83' lang='lat' dir='ltr'>matrimonio</span> <span class='ocrx_word' id='word_1_84' title='bbox 419 1708 547 1768; x_wconf 86' lang='lat' dir='ltr'>subnixa</span> <span class='ocrx_word' id='word_1_85' title='bbox 570 1719 601 1768; x_wconf 89' lang='lat' dir='ltr'>et</span> <span class='ocrx_word' id='word_1_86' title='bbox 631 1709 712 1788; x_wconf 86' lang='lat' dir='ltr'>apud</span> <span class='ocrx_word' id='word_1_87' title='bbox 734 1707 863 1770; x_wconf 80' lang='lat' dir='ltr'>Galbam</span> <span class='ocrx_word' id='word_1_88' title='bbox 893 1709 1051 1770; x_wconf 83' lang='lat' dir='ltr'>Othonem</span> <span class='ocrx_word' id='word_1_89' title='bbox 1071 1710 1230 1770; x_wconf 88' lang='lat' dir='ltr'>Vitellium</span> 
     </span>
    </p>
   </div>
   <div class='ocr_carea' id='block_1_3' title="bbox 197 1813 1230 1901">
    <p class='ocr_par' dir='ltr' id='par_1_3' title="bbox 197 1813 1230 1901">
     <span class='ocr_line' id='line_1_13' title="bbox 197 1813 1230 1901; baseline 0.008 -29"><span class='ocrx_word' id='word_1_90' title='bbox 197 1813 317 1887; x_wconf 85' lang='lat' dir='ltr'>illaesa,</span> <span class='ocrx_word' id='word_1_91' title='bbox 339 1837 407 1876; x_wconf 71' lang='lat' dir='ltr'>niox</span> <span class='ocrx_word' id='word_1_92' title='bbox 428 1827 532 1898; x_wconf 88' lang='lat' dir='ltr'>potens</span> <span class='ocrx_word' id='word_1_93' title='bbox 553 1819 731 1900; x_wconf 66' lang='lat' dir='ltr'>pecunieet</span> <span class='ocrx_word' id='word_1_94' title='bbox 751 1818 898 1894; x_wconf 83' lang='lat' dir='ltr'>orbitate,</span> <span class='ocrx_word' id='word_1_95' title='bbox 923 1841 1001 1901; x_wconf 86' lang='lat' dir='ltr'>quoe</span> <span class='ocrx_word' id='word_1_96' title='bbox 1021 1819 1106 1880; x_wconf 89' lang='lat' dir='ltr'>bonis</span> <span class='ocrx_word' id='word_1_97' title='bbox 1126 1818 1230 1880; x_wconf 85' lang='lat' dir='ltr'>malis-</span> 
     </span>
    </p>
   </div>
   <div class='ocr_carea' id='block_1_4' title="bbox 40 1911 1233 2537">
    <p class='ocr_par' dir='ltr' id='par_1_4' title="bbox 40 1911 1233 2537">
     <span class='ocr_line' id='line_1_14' title="bbox 198 1911 700 2004; baseline 0.018 -23"><span class='ocrx_word' id='word_1_98' title='bbox 198 1942 257 2003; x_wconf 84' lang='lat' dir='ltr'>que</span> <span class='ocrx_word' id='word_1_99' title='bbox 278 1911 466 2004; x_wconf 76' lang='lat' dir='ltr'>temporibus</span> <span class='ocrx_word' id='word_1_100' title='bbox 485 1927 569 1986; x_wconf 86' lang='lat' dir='ltr'>iuxta</span> <span class='ocrx_word' id='word_1_101' title='bbox 590 1927 700 1990; x_wconf 76' lang='lat' dir='ltr'>vatent,</span> 
     </span>
     <span class='ocr_line' id='line_1_15' title="bbox 40 2005 1232 2096; baseline 0.001 -8"><span class='ocrx_word' id='word_1_102' title='bbox 40 2025 42 2028; x_wconf 67' lang='grc'><strong>’</strong></span> <span class='ocrx_word' id='word_1_103' title='bbox 135 2005 189 2088; x_wconf 68' lang='lat' dir='ltr'>lli</span> <span class='ocrx_word' id='word_1_104' title='bbox 282 2029 414 2092; x_wconf 78' lang='lat' dir='ltr'>Crebrae</span> <span class='ocrx_word' id='word_1_105' title='bbox 437 2031 605 2095; x_wconf 85' lang='lat' dir='ltr'>interimet</span> <span class='ocrx_word' id='word_1_106' title='bbox 628 2035 828 2096; x_wconf 88' lang='lat' dir='ltr'>muliebribus</span> <span class='ocrx_word' id='word_1_107' title='bbox 856 2034 1069 2095; x_wconf 77' lang='lat' dir='ltr'>blandimentis</span> <span class='ocrx_word' id='word_1_108' title='bbox 1103 2033 1232 2092; x_wconf 79' lang='lat' dir='ltr'>iniectae</span> 
     </span>
     <span class='ocr_line' id='line_1_16' title="bbox 155 2129 1233 2222; baseline 0.003 -30"><span class='ocrx_word' id='word_1_109' title='bbox 155 2129 239 2196; x_wconf 84' lang='lat' dir='ltr'>15ab</span> <span class='ocrx_word' id='word_1_110' title='bbox 262 2137 386 2198; x_wconf 85' lang='lat' dir='ltr'>Othone</span> <span class='ocrx_word' id='word_1_111' title='bbox 407 2137 447 2196; x_wconf 90' lang='lat' dir='ltr'>ad</span> <span class='ocrx_word' id='word_1_112' title='bbox 463 2137 623 2200; x_wconf 84' lang='lat' dir='ltr'>Vitellium</span> <span class='ocrx_word' id='word_1_113' title='bbox 641 2141 785 2222; x_wconf 85' lang='lat' dir='ltr'>epistolae</span> <span class='ocrx_word' id='word_1_114' title='bbox 808 2139 981 2202; x_wconf 84' lang='lat' dir='ltr'>offerebant</span> <span class='ocrx_word' id='word_1_115' title='bbox 1015 2138 1173 2220; x_wconf 85' lang='lat' dir='ltr'>pecuniam</span> <span class='ocrx_word' id='word_1_116' title='bbox 1203 2145 1233 2195; x_wconf 89' lang='lat' dir='ltr'>et</span> 
     </span>
     <span class='ocr_line' id='line_1_17' title="bbox 199 2240 1232 2325; baseline 0 -25"><span class='ocrx_word' id='word_1_117' title='bbox 199 2244 329 2322; x_wconf 82' lang='lat' dir='ltr'>gratiam</span> <span class='ocrx_word' id='word_1_118' title='bbox 349 2252 381 2302; x_wconf 85' lang='lat' dir='ltr'>et</span> <span class='ocrx_word' id='word_1_119' title='bbox 399 2241 614 2323; x_wconf 85' lang='lat' dir='ltr'>quemcunque</span> <span class='ocrx_word' id='word_1_120' title='bbox 636 2247 745 2325; x_wconf 85' lang='lat' dir='ltr'>quietis</span> <span class='ocrx_word' id='word_1_121' title='bbox 769 2247 867 2305; x_wconf 86' lang='lat' dir='ltr'>locum</span> <span class='ocrx_word' id='word_1_122' title='bbox 891 2243 1033 2323; x_wconf 79' lang='lat' dir='ltr'>prodigae</span> <span class='ocrx_word' id='word_1_123' title='bbox 1054 2240 1232 2322; x_wconf 80' lang='lat' dir='ltr'>vitselegis-</span> 
     </span>
     <span class='ocr_line' id='line_1_18' title="bbox 199 2344 1230 2430; baseline -0.002 -20"><span class='ocrx_word' id='word_1_124' title='bbox 199 2360 253 2410; x_wconf 84' lang='lat' dir='ltr'>set.</span> <span class='ocrx_word' id='word_1_125' title='bbox 311 2349 404 2408; x_wconf 86' lang='lat' dir='ltr'>Paria</span> <span class='ocrx_word' id='word_1_126' title='bbox 427 2344 568 2410; x_wconf 85' lang='lat' dir='ltr'>Vitellius</span> <span class='ocrx_word' id='word_1_127' title='bbox 602 2350 788 2424; x_wconf 80' lang='lat' dir='ltr'>ostentabat,</span> <span class='ocrx_word' id='word_1_128' title='bbox 827 2347 928 2430; x_wconf 87' lang='lat' dir='ltr'>primo</span> <span class='ocrx_word' id='word_1_129' title='bbox 966 2345 1106 2419; x_wconf 82' lang='lat' dir='ltr'>mollius,</span> <span class='ocrx_word' id='word_1_130' title='bbox 1141 2346 1230 2410; x_wconf 83' lang='lat' dir='ltr'>stulta</span> 
     </span>
     <span class='ocr_line' id='line_1_19' title="bbox 199 2453 1230 2537; baseline -0.003 -20"><span class='ocrx_word' id='word_1_131' title='bbox 199 2458 345 2537; x_wconf 86' lang='lat' dir='ltr'>utrinque</span> <span class='ocrx_word' id='word_1_132' title='bbox 365 2467 395 2516; x_wconf 87' lang='lat' dir='ltr'>et</span> <span class='ocrx_word' id='word_1_133' title='bbox 416 2453 560 2517; x_wconf 85' lang='lat' dir='ltr'>indecora</span> <span class='ocrx_word' id='word_1_134' title='bbox 575 2454 784 2517; x_wconf 82' lang='lat' dir='ltr'>simulatione:</span> <span class='ocrx_word' id='word_1_135' title='bbox 808 2477 874 2516; x_wconf 83' lang='lat' dir='ltr'>mox</span> <span class='ocrx_word' id='word_1_136' title='bbox 885 2455 970 2537; x_wconf 88' lang='lat' dir='ltr'>quasi</span> <span class='ocrx_word' id='word_1_137' title='bbox 984 2455 1116 2514; x_wconf 85' lang='lat' dir='ltr'>rixantes</span> <span class='ocrx_word' id='word_1_138' title='bbox 1126 2464 1230 2536; x_wconf 84' lang='lat' dir='ltr'>stupra</span> 
     </span>
    </p>
   </div>
   <div class='ocr_carea' id='block_1_5' title="bbox 115 2563 1294 3928">
    <p class='ocr_par' dir='ltr' id='par_1_5' title="bbox 115 2563 1294 3928">
     <span class='ocr_line' id='line_1_20' title="bbox 197 2563 1230 2646; baseline 0.001 -22"><span class='ocrx_word' id='word_1_139' title='bbox 197 2575 228 2625; x_wconf 89' lang='lat' dir='ltr'>et</span> <span class='ocrx_word' id='word_1_140' title='bbox 249 2564 362 2646; x_wconf 82' lang='lat' dir='ltr'>flagitia</span> <span class='ocrx_word' id='word_1_141' title='bbox 382 2564 413 2626; x_wconf 91' lang='lat' dir='ltr'>io</span> <span class='ocrx_word' id='word_1_142' title='bbox 439 2563 539 2625; x_wconf 87' lang='lat' dir='ltr'>vicem</span> <span class='ocrx_word' id='word_1_143' title='bbox 563 2564 766 2641; x_wconf 86' lang='lat' dir='ltr'>obiectavere,</span> <span class='ocrx_word' id='word_1_144' title='bbox 788 2575 897 2628; x_wconf 88' lang='lat' dir='ltr'>neuter</span> <span class='ocrx_word' id='word_1_145' title='bbox 918 2563 1000 2625; x_wconf 87' lang='lat' dir='ltr'>falso.</span> <span class='ocrx_word' id='word_1_146' title='bbox 1044 2563 1157 2641; x_wconf 86' lang='lat' dir='ltr'>Otho,</span> <span class='ocrx_word' id='word_1_147' title='bbox 1180 2586 1230 2625; x_wconf 89' lang='lat' dir='ltr'>re·</span> 
     </span>
     <span class='ocr_line' id='line_1_21' title="bbox 150 2669 1227 2754; baseline 0.001 -27"><span class='ocrx_word' id='word_1_148' title='bbox 150 2671 313 2732; x_wconf 82' lang='lat' dir='ltr'>noroeatis</span> <span class='ocrx_word' id='word_1_149' title='bbox 333 2693 411 2754; x_wconf 90' lang='lat' dir='ltr'>quos</span> <span class='ocrx_word' id='word_1_150' title='bbox 429 2669 527 2732; x_wconf 83' lang='lat' dir='ltr'>Galba</span> <span class='ocrx_word' id='word_1_151' title='bbox 549 2671 806 2754; x_wconf 74' lang='lat' dir='ltr'>miserat‘legatis,</span> <span class='ocrx_word' id='word_1_152' title='bbox 832 2693 939 2733; x_wconf 88' lang='lat' dir='ltr'>rursus</span> <span class='ocrx_word' id='word_1_153' title='bbox 960 2671 1032 2732; x_wconf 88' lang='lat' dir='ltr'>alios</span> <span class='ocrx_word' id='word_1_154' title='bbox 1055 2673 1227 2734; x_wconf 73' lang='lat' dir='ltr'>aduttum.</span> 
     </span>
     <span class='ocr_line' id='line_1_22' title="bbox 200 2779 1227 2869; baseline 0 -29"><span class='ocrx_word' id='word_1_155' title='bbox 200 2801 259 2862; x_wconf 91' lang='lat' dir='ltr'>que</span> <span class='ocrx_word' id='word_1_156' title='bbox 281 2779 493 2842; x_wconf 85' lang='lat' dir='ltr'>Germanicum</span> <span class='ocrx_word' id='word_1_157' title='bbox 515 2781 680 2840; x_wconf 86' lang='lat' dir='ltr'>exercitum</span> <span class='ocrx_word' id='word_1_158' title='bbox 699 2792 729 2840; x_wconf 85' lang='lat' dir='ltr'>et</span> <span class='ocrx_word' id='word_1_159' title='bbox 749 2781 786 2841; x_wconf 88' lang='lat' dir='ltr'>sd</span> <span class='ocrx_word' id='word_1_160' title='bbox 808 2779 957 2862; x_wconf 82' lang='lat' dir='ltr'>legionem</span> <span class='ocrx_word' id='word_1_161' title='bbox 972 2779 1106 2869; x_wconf 73' lang='lat' dir='ltr'>Italicam</span> <span class='ocrx_word' id='word_1_162' title='bbox 1117 2801 1227 2864; x_wconf 85' lang='lat' dir='ltr'>easque</span> 
     </span>
     <span class='ocr_line' id='line_1_23' title="bbox 198 2886 1227 2970; baseline 0 -24"><span class='ocrx_word' id='word_1_163' title='bbox 198 2907 277 2968; x_wconf 86' lang='lat' dir='ltr'>quae</span> <span class='ocrx_word' id='word_1_164' title='bbox 301 2886 443 2968; x_wconf 83' lang='lat' dir='ltr'>Lugduni</span> <span class='ocrx_word' id='word_1_165' title='bbox 463 2886 593 2968; x_wconf 86' lang='lat' dir='ltr'>agebant</span> <span class='ocrx_word' id='word_1_166' title='bbox 612 2887 712 2968; x_wconf 89' lang='lat' dir='ltr'>copias</span> <span class='ocrx_word' id='word_1_167' title='bbox 724 2887 822 2968; x_wconf 88' lang='lat' dir='ltr'>speeie</span> <span class='ocrx_word' id='word_1_168' title='bbox 840 2897 963 2949; x_wconf 87' lang='lat' dir='ltr'>senatus</span> <span class='ocrx_word' id='word_1_169' title='bbox 983 2889 1076 2948; x_wconf 89' lang='lat' dir='ltr'>misit.</span> <span class='ocrx_word' id='word_1_170' title='bbox 1121 2888 1227 2970; x_wconf 83' lang='lat' dir='ltr'>Legati</span> 
     </span>
     <span class='ocr_line' id='line_1_24' title="bbox 115 2981 1227 3076; baseline -0.001 -22"><span class='ocrx_word' id='word_1_171' title='bbox 115 2981 118 2986; x_wconf 51' lang='grc'><strong>’</strong></span> <span class='ocrx_word' id='word_1_172' title='bbox 199 2993 282 3076; x_wconf 88' lang='lat' dir='ltr'>apud</span> <span class='ocrx_word' id='word_1_173' title='bbox 305 2992 464 3058; x_wconf 88' lang='lat' dir='ltr'>Vitellium</span> <span class='ocrx_word' id='word_1_174' title='bbox 483 3013 673 3071; x_wconf 83' lang='lat' dir='ltr'>remansere,</span> <span class='ocrx_word' id='word_1_175' title='bbox 693 2995 862 3076; x_wconf 88' lang='lat' dir='ltr'>promptius</span> <span class='ocrx_word' id='word_1_176' title='bbox 883 3016 975 3076; x_wconf 88' lang='lat' dir='ltr'>quam</span> <span class='ocrx_word' id='word_1_177' title='bbox 993 3005 1028 3054; x_wconf 89' lang='lat' dir='ltr'>ut</span> <span class='ocrx_word' id='word_1_178' title='bbox 1050 2997 1160 3053; x_wconf 86' lang='lat' dir='ltr'>retenti</span> <span class='ocrx_word' id='word_1_179' title='bbox 1181 2997 1227 3054; x_wconf 85' lang='lat' dir='ltr'>vi·</span> 
     </span>
     <span class='ocr_line' id='line_1_25' title="bbox 199 3079 1294 3184; baseline 0 -26"><span class='ocrx_word' id='word_1_180' title='bbox 199 3079 354 3184; x_wconf 73' lang='lat' dir='ltr'>derentub.</span> <span class='ocrx_word' id='word_1_181' title='bbox 394 3101 597 3180; x_wconf 84' lang='lat' dir='ltr'>Praetoriani,</span> <span class='ocrx_word' id='word_1_182' title='bbox 620 3121 697 3182; x_wconf 91' lang='lat' dir='ltr'>quos</span> <span class='ocrx_word' id='word_1_183' title='bbox 716 3121 770 3182; x_wconf 85' lang='lat' dir='ltr'>per</span> <span class='ocrx_word' id='word_1_184' title='bbox 784 3099 1002 3162; x_wconf 86' lang='lat' dir='ltr'>simulationem</span> <span class='ocrx_word' id='word_1_185' title='bbox 1011 3097 1103 3164; x_wconf 83' lang='lat' dir='ltr'>officii</span> <span class='ocrx_word' id='word_1_186' title='bbox 1124 3098 1227 3178; x_wconf 87' lang='lat' dir='ltr'>legatis</span> <span class='ocrx_word' id='word_1_187' title='bbox 1287 3151 1294 3171; x_wconf 79' lang='lat'>,</span> 
     </span>
     <span class='ocr_line' id='line_1_26' title="bbox 151 3193 1224 3287; baseline -0.001 -23"><span class='ocrx_word' id='word_1_188' title='bbox 151 3193 190 3258; x_wconf 83' lang='lat'>25</span> <span class='ocrx_word' id='word_1_189' title='bbox 201 3205 285 3266; x_wconf 89' lang='lat' dir='ltr'>Otho</span> <span class='ocrx_word' id='word_1_190' title='bbox 306 3205 495 3282; x_wconf 83' lang='lat' dir='ltr'>adiunxerat,</span> <span class='ocrx_word' id='word_1_191' title='bbox 517 3205 631 3266; x_wconf 88' lang='lat' dir='ltr'>remissi</span> <span class='ocrx_word' id='word_1_192' title='bbox 643 3215 805 3287; x_wconf 84' lang='lat' dir='ltr'>antequam</span> <span class='ocrx_word' id='word_1_193' title='bbox 829 3203 995 3286; x_wconf 80' lang='lat' dir='ltr'>legionibus</span> <span class='ocrx_word' id='word_1_194' title='bbox 1017 3206 1224 3263; x_wconf 81' lang='lat' dir='ltr'>miscerentur.</span> 
     </span>
     <span class='ocr_line' id='line_1_27' title="bbox 198 3297 1225 3394; baseline -0.002 -22"><span class='ocrx_word' id='word_1_195' title='bbox 198 3309 327 3372; x_wconf 84' lang='lat' dir='ltr'>Addidit</span> <span class='ocrx_word' id='word_1_196' title='bbox 350 3297 608 3394; x_wconf 82' lang='lat' dir='ltr'>epistolasFabius</span> <span class='ocrx_word' id='word_1_197' title='bbox 624 3312 734 3374; x_wconf 85' lang='lat' dir='ltr'>Valens</span> <span class='ocrx_word' id='word_1_198' title='bbox 752 3312 1060 3374; x_wconf 86' lang='lat' dir='ltr'>nomiueGermanici</span> <span class='ocrx_word' id='word_1_199' title='bbox 1082 3310 1225 3370; x_wconf 83' lang='lat' dir='ltr'>exercitus</span> 
     </span>
     <span class='ocr_line' id='line_1_28' title="bbox 197 3401 1224 3500; baseline -0.004 -19"><span class='ocrx_word' id='word_1_200' title='bbox 197 3418 236 3481; x_wconf 83' lang='lat' dir='ltr'>ad</span> <span class='ocrx_word' id='word_1_201' title='bbox 257 3423 425 3500; x_wconf 83' lang='lat' dir='ltr'>praetorias</span> <span class='ocrx_word' id='word_1_202' title='bbox 443 3431 473 3481; x_wconf 87' lang='lat' dir='ltr'>et</span> <span class='ocrx_word' id='word_1_203' title='bbox 489 3421 621 3481; x_wconf 84' lang='lat' dir='ltr'>urbanas</span> <span class='ocrx_word' id='word_1_204' title='bbox 643 3422 790 3498; x_wconf 88' lang='lat' dir='ltr'>cohortes,</span> <span class='ocrx_word' id='word_1_205' title='bbox 810 3421 849 3481; x_wconf 88' lang='lat' dir='ltr'>de</span> <span class='ocrx_word' id='word_1_206' title='bbox 875 3421 989 3484; x_wconf 88' lang='lat' dir='ltr'>viribus</span> <span class='ocrx_word' id='word_1_207' title='bbox 1008 3401 1138 3500; x_wconf 79' lang='lat' dir='ltr'>portium</span> <span class='ocrx_word' id='word_1_208' title='bbox 1161 3439 1224 3477; x_wconf 85' lang='lat' dir='ltr'>ma·</span> 
     </span>
     <span class='ocr_line' id='line_1_29' title="bbox 199 3509 1224 3609; baseline 0.001 -25"><span class='ocrx_word' id='word_1_209' title='bbox 199 3525 322 3608; x_wconf 81' lang='lat' dir='ltr'>gnificas</span> <span class='ocrx_word' id='word_1_210' title='bbox 342 3535 372 3588; x_wconf 89' lang='lat' dir='ltr'>et</span> <span class='ocrx_word' id='word_1_211' title='bbox 394 3527 587 3588; x_wconf 87' lang='lat' dir='ltr'>concordiam</span> <span class='ocrx_word' id='word_1_212' title='bbox 610 3525 779 3588; x_wconf 85' lang='lat' dir='ltr'>offerentes.</span> <span class='ocrx_word' id='word_1_213' title='bbox 822 3509 1000 3609; x_wconf 80' lang='lat' dir='ltr'>increpabat</span> <span class='ocrx_word' id='word_1_214' title='bbox 1022 3521 1107 3607; x_wconf 82' lang='lat' dir='ltr'>ultro</span> <span class='ocrx_word' id='word_1_215' title='bbox 1139 3523 1224 3606; x_wconf 89' lang='lat' dir='ltr'>quod</span> 
     </span>
     <span class='ocr_line' id='line_1_30' title="bbox 194 3619 1223 3718; baseline -0.003 -26"><span class='ocrx_word' id='word_1_216' title='bbox 194 3619 284 3694; x_wconf 86' lang='lat' dir='ltr'>tauto</span> <span class='ocrx_word' id='word_1_217' title='bbox 304 3644 375 3695; x_wconf 89' lang='lat' dir='ltr'>ante</span> <span class='ocrx_word' id='word_1_218' title='bbox 392 3633 539 3695; x_wconf 87' lang='lat' dir='ltr'>traditum</span> <span class='ocrx_word' id='word_1_219' title='bbox 558 3631 683 3696; x_wconf 89' lang='lat' dir='ltr'>Vitellio</span> <span class='ocrx_word' id='word_1_220' title='bbox 705 3635 864 3718; x_wconf 88' lang='lat' dir='ltr'>imperium</span> <span class='ocrx_word' id='word_1_221' title='bbox 885 3635 923 3696; x_wconf 86' lang='lat' dir='ltr'>ad</span> <span class='ocrx_word' id='word_1_222' title='bbox 944 3631 1097 3694; x_wconf 89' lang='lat' dir='ltr'>Othonem</span> <span class='ocrx_word' id='word_1_223' title='bbox 1118 3635 1223 3694; x_wconf 86' lang='lat' dir='ltr'>vertis·</span> 
     </span>
     <span class='ocr_line' id='line_1_31' title="bbox 137 3729 1224 3822; baseline -0.003 -23"><span class='ocrx_word' id='word_1_224' title='bbox 137 3730 274 3812; x_wconf 79' lang='lat' dir='ltr'>75sent.</span> <span class='ocrx_word' id='word_1_225' title='bbox 315 3739 367 3802; x_wconf 84' lang='lat' dir='ltr'>lta</span> <span class='ocrx_word' id='word_1_226' title='bbox 386 3741 538 3822; x_wconf 86' lang='lat' dir='ltr'>promissis</span> <span class='ocrx_word' id='word_1_227' title='bbox 558 3740 647 3800; x_wconf 87' lang='lat' dir='ltr'>simul</span> <span class='ocrx_word' id='word_1_228' title='bbox 671 3729 708 3800; x_wconf 82' lang='lat' dir='ltr'>ae</span> <span class='ocrx_word' id='word_1_229' title='bbox 743 3741 829 3803; x_wconf 90' lang='lat' dir='ltr'>minis</span> <span class='ocrx_word' id='word_1_230' title='bbox 855 3739 1053 3803; x_wconf 83' lang='lat' dir='ltr'>tentabantur</span> <span class='ocrx_word' id='word_1_231' title='bbox 1083 3747 1117 3800; x_wconf 88' lang='lat' dir='ltr'>ut</span> <span class='ocrx_word' id='word_1_232' title='bbox 1144 3737 1224 3797; x_wconf 89' lang='lat' dir='ltr'>hello</span> 
     </span>
     <span class='ocr_line' id='line_1_32' title="bbox 200 3843 1224 3928; baseline 0.002 -24"><span class='ocrx_word' id='word_1_233' title='bbox 200 3843 349 3925; x_wconf 86' lang='lat' dir='ltr'>impares,</span> <span class='ocrx_word' id='word_1_234' title='bbox 370 3845 495 3927; x_wconf 80' lang='lat' dir='ltr'>inpare</span> <span class='ocrx_word' id='word_1_235' title='bbox 524 3844 600 3906; x_wconf 91' lang='lat' dir='ltr'>nihil</span> <span class='ocrx_word' id='word_1_236' title='bbox 631 3845 777 3909; x_wconf 84' lang='lat' dir='ltr'>amissuri.</span> <span class='ocrx_word' id='word_1_237' title='bbox 819 3847 924 3926; x_wconf 84' lang='lat' dir='ltr'>Neque</span> <span class='ocrx_word' id='word_1_238' title='bbox 955 3844 1025 3909; x_wconf 87' lang='lat' dir='ltr'>ideo</span> <span class='ocrx_word' id='word_1_239' title='bbox 1054 3843 1224 3928; x_wconf 86' lang='lat' dir='ltr'>praeteria-</span> 
     </span>
    </p>
   </div>
   <div class='ocr_carea' id='block_1_6' title="bbox 271 4047 959 4124">
    <p class='ocr_par' dir='ltr' id='par_1_6' title="bbox 271 4047 959 4124">
     <span class='ocr_line' id='line_1_33' title="bbox 271 4047 959 4124; baseline 0.013 -27"><span class='ocrx_word' id='word_1_240' title='bbox 271 4047 310 4102; x_wconf 76' lang='lat'>15.</span> <span class='ocrx_word' id='word_1_241' title='bbox 330 4047 436 4103; x_wconf 75' lang='lat' dir='ltr'>codices</span> <span class='ocrx_word' id='word_1_242' title='bbox 456 4049 657 4122; x_wconf 68' lang='lat' dir='ltr'>‹fflretaneur5</span> <span class='ocrx_word' id='word_1_243' title='bbox 675 4047 791 4124; x_wconf 80' lang='lat' dir='ltr'>correxit</span> <span class='ocrx_word' id='word_1_244' title='bbox 811 4051 959 4114; x_wconf 80' lang='lat' dir='ltr'>Rhenanus.</span> 
     </span>
    </p>
   </div>
   <div class='ocr_carea' id='block_1_7' title="bbox 0 0 1462 4724">
    <p class='ocr_par' dir='ltr' id='par_1_7' title="bbox 0 0 1462 4724">
     <span class='ocr_line' id='line_1_34' title="bbox 0 0 1462 4724; baseline 0 1"><span class='ocrx_word' id='word_1_245' title='bbox 0 0 1462 4724; x_wconf 95' lang='lat' dir='ltr'> </span> 
     </span>
    </p>
   </div>
  </div>
 </body>
</html>
