2914 4724
222 458 263 524 aa
348 439 350 442 ’
592 455 879 518 nrsrouuuuu

61 653 87 720 (a
106 646 136 698 C.
154 643 211 713 69.)
221 657 332 698 norum
352 637 426 699 fides
445 645 570 697 mutata.
612 636 675 698 Sed
692 638 883 699 insidiatores
903 635 943 696 ab
964 633 1088 694 Othone
1114 631 1148 690 in
1169 629 1265 711 Gon-¹

219 747 370 826 maniam,
391 767 409 804 a
431 732 556 806 Vitellio
575 745 607 804 iu
628 745 737 806 urhem
758 745 849 806 missi.
891 743 1038 824 Utrisque
1057 741 1169 800 frustra
1179 737 1252 814 fuit,

217 853 391 914 Vitellianis
424 852 548 931 impune
583 873 638 932 per
673 862 791 912 tantam
828 852 988 912 homiuum
1024 843 1253 908 multitudinem

219 975 327 1023 mutua
347 959 517 1040 ignorantia
546 947 737 1021 fallentibus:
771 961 941 1022 Othoniani
969 956 1105 1018 novitate
1136 949 1253 1026 voltus,

220 1068 362 1129 omnibus
384 1067 415 1126 in
437 1065 537 1126 vicem
555 1068 679 1148 gnaris,
710 1069 927 1150 prodebantur.
969 1063 1112 1126 Vitellius
1139 1050 1285 1120 litteras5

219 1173 259 1233 ad
281 1175 439 1234 Titianum
462 1175 585 1236 fratrem
610 1177 741 1238 Othonis
761 1179 939 1259 composuit,
961 1173 1087 1236 exitium
1109 1169 1165 1249 ipsi
1174 1161 1255 1223 filio'-

220 1303 278 1363 que
299 1283 363 1341 eius
381 1283 542 1360 minitans,
567 1283 601 1341 ni
620 1285 788 1344 incolumes
807 1286 863 1344 sibi
886 1293 987 1344 mater
1007 1303 1044 1342 ac
1076 1278 1167 1338 liberi
1191 1293 1255 1333 ser·

221 1399 377 1450 verentur.
419 1389 463 1448 Et
483 1390 565 1447 stetit
586 1389 694 1448 domus
715 1399 861 1470 utraque,
885 1389 942 1448 sub
959 1389 1084 1447 Othone
1104 1385 1256 1443 incertum

221 1515 260 1554 an
282 1481 388 1554 metu:¹
408 1491 549 1554 Vitellius
569 1493 668 1553 victor
685 1494 864 1554 clementiae
897 1491 1030 1574 gloriam
1058 1490 1142 1549 tulit.
1186 1457 1323 1572 Pri-7¹6

221 1619 289 1658 mus
307 1597 426 1657 Othoni
445 1596 590 1658 fiduciam
605 1598 724 1658 addidit
749 1619 784 1658 ex
808 1595 932 1678 lllyrieo
954 1593 1082 1656 nuntius
1101 1593 1212 1654 iurasse
1223 1596 1256 1652 in
1270 1610 1308 1648 io

222 1725 291 1764 eum
313 1703 482 1765 Dalmatiae
503 1727 538 1765 ac
564 1707 743 1766 Pannoniae
769 1715 802 1766 et
829 1705 962 1766 Moesiae
988 1703 1133 1782 legiones.
1173 1701 1258 1760 Idem
1300 1723 1304 1728 ·

221 1834 257 1873 cx
290 1813 436 1892 Hispania
469 1813 621 1893 adlatum,
654 1815 860 1896 laudatusque
885 1833 941 1895 per
972 1812 1109 1872 edictum
1132 1809 1258 1870 Cluvius

223 1919 335 1978 Rufus:
360 1931 389 1978 et
401 1924 501 1980 statim
517 1925 671 2004 cognitum
682 1933 727 1982 est
739 1942 918 1983 conversam
931 1920 972 1981 ad
979 1917 1136 1983 Vitellium
1146 1917 1258 2000 Hispa-

224 2027 317 2091 niam.
357 2029 403 2089 Ne
423 2029 589 2110 Aquitania
609 2029 752 2112 quidem,
781 2047 960 2112 quanquam
988 2025 1028 2088 ab
1054 2025 1133 2086 Iulio
1153 2021 1256 2083 Cordo
1281 2023 1310 2081 ¹.

137 2120 141 2136 ⁶
223 2134 256 2194 iu
277 2132 370 2192 verba
390 2133 522 2196 Othonis
555 2134 720 2214 obstricta,
754 2135 806 2196 diu
838 2135 958 2195 mansit.
998 2133 1154 2213 Nusquam
1181 2129 1257 2190 fides
1272 2129 1308 2193 1⁵

226 2249 281 2300 aut
299 2226 404 2304 amori
424 2250 510 2302 metu
532 2260 568 2300 ac
588 2241 763 2302 necessitate
781 2239 844 2300 huc
864 2235 1154 2302 illucmutabautur.
1195 2235 1258 2296 Ea·

226 2347 297 2407 dem
315 2347 448 2408 formido
468 2350 659 2428 provinciam
668 2347 899 2428 Narbonensem
919 2345 959 2406 ad
973 2343 1258 2424 Vitelliumvcrtit,
1306 2393 1311 2398 .

227 2455 309 2515 sacili
328 2457 459 2514 transitu
481 2455 520 2514 ad
540 2454 693 2535 proximos
713 2465 743 2514 et
762 2454 937 2515 validiores.
978 2453 1176 2532 Longinquae
1185 2471 1258 2532 pro-

228 2563 359 2640 vinciae,
380 2571 412 2620 et
431 2563 746 2643 quicquidarrnorum
766 2561 843 2620 mari
866 2559 1031 2634 dirimitur,
1055 2577 1145 2640 penes
1158 2556 1259 2619 Otho·

230 2691 300 2730 nem
321 2669 501 2744 manebant,
525 2689 589 2726 non
611 2670 744 2746 partium
765 2653 887 2742 studi03
909 2665 962 2726 sed
983 2673 1048 2726 erat
1070 2665 1185 2746 grande
1196 2686 1261 2726 nio·
1270 2675 1311 2716 2⁰

230 2788 368 2838 mentum
389 2775 421 2833 in
443 2777 565 2834 nornine
583 2775 666 2834 urbis
688 2793 723 2832 ac
745 2783 903 2854 praetexto
923 2785 1055 2850 senatus,
1080 2785 1111 2834 et
1132 2793 1263 2853 occupa·

231 2893 320 2942 verat
340 2881 458 2940 animos
481 2881 569 2958 prior
600 2879 729 2941 auditus.
772 2878 928 2938 Iudaicum
958 2883 1123 2940 exercitum
1146 2880 1262 2961 Vespa-

233 2993 352 3066 sianus,
373 2990 482 3050 Suriae
502 2985 635 3066 legiones
657 2989 813 3048 Mucianus
832 2998 1020 3050 auctomento
1041 2989 1173 3050 Othonis
1190 2989 1263 3048 ade-

234 3119 317 3179 gere.
357 3093 456 3156 Simul
477 3095 634 3172 Aegyptus
652 3113 815 3174 omnesque
833 3115 938 3154 versae
957 3095 989 3152 in
1011 3094 1168 3154 Orientem
1191 3117 1262 3174 pro·

234 3205 352 3268 vinciae
372 3202 495 3262 nomine
514 3201 577 3260 eius
597 3199 788 3262 tenebantur.
830 3201 916 3261 Idem
944 3200 1062 3260 Africae
1083 3199 1262 3281 obsequium
1272 3209 1312 3269 25

236 3313 325 3372 initio
355 3307 536 3388 Carthagine
566 3319 647 3370 orto·
687 3312 792 3390 Neque
804 3315 975 3388 exspectata
994 3303 1136 3386 Vipstani
1164 3311 1265 3389 Apro-

237 3419 321 3479 niani
351 3415 539 3497 proconsulis
576 3419 770 3492 auctoritate,
805 3417 951 3476 Crescens
978 3414 1107 3476 Neronis
1138 3416 1264 3476 libertus
1305 3414 1309 3420 ’

240 3589 526 3605 ffl-

325 3691 348 3741 5.
368 3691 473 3744 codices
491 3691 616 3764 ignarisz
632 3695 730 3765 gnaris
750 3689 912 3756 Rhenanus5
927 3689 1002 3741 idem
1023 3707 1087 3740 mor
1110 3691 1134 3738 T
1133 3687 1264 3740 itionum:

238 3779 304 3832 libri
325 3783 471 3836 Tutianum
490 3789 531 3838 vel
552 3788 707 3841 liciacum.
1189 3783 1193 3791 '
1242 3773 1244 3780 ¹

310 3889 351 3925 22.
369 3874 505 3929 iudaicam
523 3877 566 3928 Μα
582 3885 612 3932 et
628 3880 674 3930 sie
697 3876 739 3936 ΙΙ,
766 3876 806 3941 4.,
834 3873 980 3930 iudaeieae
1003 3876 1044 3937 ll,
1075 3877 1118 3943 78.
1144 3873 1209 3926 dein
1223 3877 1264 3940 24.

239 3965 347 4037 ortisque
364 3987 471 4025 versam
482 3977 562 4023 inor.
572 3991 612 4040 pr.
633 3999 659 4013 ·-
676 3971 819 4024 tenebatur
838 3970 892 4027 Ma,
909 3979 967 4024 tum
985 3973 1026 4026 26.
1048 3971 1176 4042 Vipstani
1199 3970 1265 4036 Byt-

238 4059 316 4112 lius:
337 4066 441 4117 codices
458 4065 580 4133 Vipsani.
