2912 4730
489 341 494 344 ·
555 339 691 406 nau.
725 341 971 410 careo-er.
1215 345 1273 408 119
1345 427 1346 430 q
1405 289 1410 308 ¹

241 518 407 601 legionibus
423 527 504 600 terga
520 521 719 582 nudarentur.
760 522 864 599 Titani
879 525 992 584 instare
1006 521 1144 592 iudaeae,
1156 521 1268 603 Vespa·
1284 540 1311 600 (a
1327 534 1357 585 C.
1379 536 1436 604 69.)

239 627 357 686 sianum
380 625 519 686 obtinere
541 625 670 688 claustra
696 628 828 712 Aegypti
851 618 973 708 placuit.
1016 627 1161 690 Sufficere
1189 629 1273 690 vide·
1345 687 1353 699 ,

243 733 356 794 bantur
384 734 527 804 adversata
560 735 716 798 Vitellium
739 743 808 818 par‘s
829 736 987 816 copiarum
1010 745 1040 796 et
1072 736 1132 798 dux
1155 736 1274 796 Mucia.

242 860 299 900 nus
320 851 352 902 et
364 842 538 922 Vespasiani
554 863 666 904 nomen
689 865 723 903 ac
746 839 822 902 nibil
842 842 971 902 arduum
986 842 1065 902 fatis.
1108 841 1156 901 Ad
1172 861 1278 902 omnes

213 948 583 1032 5exercitu's1egatosque
604 953 733 1032 scriptae
757 948 932 1031 epistolae,
950 957 1220 1032 praeceptumque,
1243 961 1278 1011 ut

240 1046 449 1134 praetorianos
470 1055 597 1118 Vitellio
620 1057 751 1118 infensos
775 1057 987 1138 reciperandae
1006 1056 1130 1118 militiae
1144 1058 1279 1140 praemio

174 1153 418 1231 83iuvitarent.
460 1167 621 1226 Mucianus
646 1185 714 1226 curn
735 1155 878 1248 expedita⁸
906 1177 1015 1242 manu,
1039 1168 1158 1226 socium
1187 1167 1279 1246 magis

243 1269 366 1351 imperii
387 1290 479 1350 quam
500 1271 671 1330 ministrum
685 1291 787 1352 agens,
811 1291 873 1332 non
896 1269 981 1330 lento
994 1272 1114 1348 itincre,
1127 1291 1174 1330 ·ne
1189 1289 1280 1330 cunc·

242 1377 300 1436 tari
334 1377 511 1450 videretur,
542 1394 640 1458 neque
670 1385 772 1438 tamen
802 1397 988 1460 properans,
1014 1379 1147 1459 gliscere·
1170 1379 1282 1439 famam

133 1532 137 1539 ,
198 1485 308 1566 ιοίρεο
330 1485 428 1566 spatio
447 1485 583 1560 sinebat,
605 1503 719 1568 gnarus
739 1484 873 1548 modicas
896 1488 979 1547 vires
999 1485 1074 1563 sibi,
1104 1497 1142 1547 et·
1168 1487 1282 1546 maiora

241 1590 321 1650 credi
345 1590 383 1652 de
404 1583 594 1655 absentibus.
637 1591 700 1658 'Sed
722 1592 800 1674 legio
814 1601 904 1654 'sexta
934 1604 963 1654 et
986 1594 1129 1654 tredecim
1158 1593 1281 1656 vexilla·
1415 1629 1417 1634 ·

241 1701 356 1760 riarum
366 1699 450 1760 milia
462 1699 578 1781 ingenti
599 1703 720 1783 agmine
737 1704 956 1784 sequebantur.
1002 1699 1133 1762 Classem
1150 1703 1281 1763 ePonto
1302 1681 1305 1686 ¹

236 1789 418 1889 ‘Byzantium
439 1809 519 1890 adigi
543 1812 689 1886 iusserat,
721 1811 879 1890 ambiguus
901 1807 1036 1882 consilii,
1067 1829 1140 1868 nuni
1173 1811 1282 1870 omissa

178 1965 180 1984 ,
244 1913 358 1974 Moesia
390 1913 619 1995 Dyrrhachium
653 1915 754 1996 pedite
792 1927 883 1996 atque
912 1915 1035 1996 equite,
1072 1912 1161 1973 simul
1189 1913 1283 1992 longis

146 2019 147 2023 ’
198 2019 371 2083 rhnasibus
396 2037 519 2079 versum
542 2022 572 2080 in
599 2019 719 2080 ltaliam
742 2041 827 2082 mare
847 2019 1017 2092 clauderet,
1042 2029 1107 2077 tuta
1130 2034 1207 2098 pone
1221 2015 1301 2076 ter-'

119 2105 123 2117 ’-
244 2144 318 2210 gum
340 2126 457 2186 Achaia
489 2129 641 2204 Asiaque,
676 2143 751 2208 quas
785 2130 915 2212 inermes
942 2125 1050 2204 exponi
1075 2124 1221 2198 Vitellio,
1251 2125 1281 2184 ni

245 2230 404 2320 praesidiis
426 2231 639 2323 firmarenturp
670 2241 763 2313 atque
793 2233 894 2311 ipsum
915 2220 1072 2289 Vitellium
1106 2231 1135 2286 iu
1166 2230 1282 2290 incerto

184 2335 187 2340 ’
214 2376 217 2386 ‹
246 2341 314 2400 lore
334 2325 425 2420 quarn
447 2318 566 2416 partem
603 2337 708 2395 ltaliae
735 2345 928 2416 protegeret,¹
960 2337 984 2394 si
1012 2320 1068 2396 sibi
1093 2331 1280 2398 Brundisium

246 2449 528 2525 Tarentumqueet
550 2445 712 2504 Calabriae
731 2445 943 2526 Lucaniaeque
963 2445 1063 2504 littora
1080 2441 1193 2503 infestis
1207 2443 1282 2503 clas-

157 2549 330 2634 '84sihus
351 2565 544 2639 peterentur„
586 2551 683 2636 Igitur
702 2552 825 2614 navium
847 2551 977 2613 militum
999 2558 1153 2614 armorum
1175 2564 1282 2634 paratu

247 2677 386 2748 strepere
406 2662 591 2745 provinciae.
638 2661 697 2720 seu
717 2662 793 2720 nihil
815 2681 909 2741 aeque
922 2659 1065 2740 fatigabat
1084 2681 1173 2741 quarn
1191 2664 1283 2742 pecu-

250 2777 369 2842 uiarum
386 2774 587 2853 conquisitio:
618 2791 669 2831 eos
690 2791 752 2833 csse
773 2769 845 2832 belli
876 2770 975 2830 civilis
1008 2789 1116 2830 rrervos
1143 2765 1284 2826 dictitans

250 2883 411 2942 Mucianus
430 2901 492 2938 nou
514 2881 558 2938 ius
579 2890 632 2939 aut
652 2899 757 2940 verum
777 2881 809 2938 in
835 2876 1080 2960 cognitionibus,
1111 2875 1164 2935 sed
1185 2872 1282 2933 solam

249 2987 488 3069 magnitudinem
508 3000 600 3067 opum
620 2987 784 3069 spectabat.
826 2985 943 3045 Passim
963 2981 1127 3043 delationes
1152 2991 1182 3040 et
1196 2979 1282 3040 locu·

91 3141 92 3147 κ
199 3092 239 3154 25
250 3077 567 3178 pletissi'musqrtisque
590 3095 618 3153 in
635 3094 777 3174 praedam
797 3093 943 3172 correpti.
977 3091 1064 3168 Quae
1076 3088 1178 3170 gravia
1192 3095 1284 3167 atque

250 3196 458 3280 intoleranda',
488 3205 541 3262 sed
562 3204 739 3262 necessitate
759 3203 922 3262 armorum
943 3203 1096 3272 excusata,
1128 3195 1217 3253 etiarn
1250 3197 1281 3252 in

250 3331 325 3393 pace
346 3331 503 3387 mansere,
525 3311 594 3391 ipso
615 3309 802 3389 Vespasiano
826 3311 903 3368 inter
925 3307 1013 3366 initiat
1036 3302 1155 3382 imperii
1175 3301 1213 3360 ad
1229 3301 1283 3359 cb-

250 3415 390 3480 tiueudas
409 3419 583 3501 iniquitates
603 3418 688 3500 ltaud
706 3419 836 3502 perinde
857 3412 1041 3490 abstinente,
1063 3410 1161 3470 donec
1183 3408 1282 3468 indul-

251 3541 464 3553 W

326 3608 365 3647 11.
383 3588 512 3644 tredecim
530 3589 743 3643 vexillariorum
759 3591 851 3654 milia]
871 3591 911 3638 De
932 3585 1037 3654 ingenti
1068 3582 1119 3635 hoc
1142 3591 1286 3636 veterana·

253 3703 312 3738 rum
327 3703 441 3738 numero
462 3685 571 3753 copiose
590 3699 621 3734 ao
641 3684 778 3736 luculente
808 3681 961 3754 disputavit
980 3677 1123 3736 Walchius
1151 3679 1188 3730 ad
1205 3677 1281 3743 Agri-

253 3782 338 3834 culam
357 3797 414 3850 pag.
432 3781 578 3848 248-250.
616 3789 618 3792 ·

327 3893 366 3945 19.
388 3874 495 3946 rann]
516 3878 547 3927 n
564 3877 662 3932 taam
680 3873 731 3926 na.
768 3855 769 3862 ’

324 3975 366 4026 ab.
386 3967 513 4041 perindel
529 3970 611 4040 perin
630 3969 693 4036 M³;
709 3967 841 4039 ,idemque
857 3981 919 4020 rnna
940 3965 1015 4026 dicit.
1098 4030 1100 4038 γ
