2914 4724
535 474 610 534 un.
631 474 654 534 1.
678 437 764 533 car.
786 471 920 538 cto-so.
992 453 995 472 '
1198 469 1237 532 37

215 655 390 716 Amicorum
416 653 672 736 libertorumque,
707 653 758 713 ubi
786 655 816 712 in
845 651 943 712 bonos
972 648 1146 724 incidisset,
1178 647 1280 725 sine(s
1299 649 1326 703 C.
1346 652 1400 720 ⁶9)

215 764 445 844 reprehensione
465 764 600 848 patiens,
631 766 656 822 si
678 761 748 822 mali
778 759 899 833 forent,
934 779 1028 840 usque
1058 755 1095 816 ad
1125 755 1243 836 culpem

215 870 349 949 ignarus.
391 869 448 930 Sed
478 869 596 929 claritas
622 867 767 928 natalium
799 877 829 927 et
861 875 959 927 metus
990 873 1160 942 temporum
1187 862 1244 920 ob.

214 980 330 1053 temni,
364 989 398 1036 nt
425 977 509 1058 quod
543 977 667 1055 segnitia
695 983 759 1033 erat
780 971 923 1054 sapientia
953 977 1118 1031 vocaretur.
1162 969 1244 1027 Dum

143 1069 146 1078 Δ
188 1085 334 1166 5vigehat
358 1095 457 1158 aetas,
482 1081 605 1141 militari
628 1079 716 1140 laude
735 1079 814 1160 apud
838 1065 1010 1138 Germanias
1027 1073 1139 1136 lloruit.
1182 1074 1244 1133 Pro

216 1186 342 1246 consule
364 1188 497 1246 Africam
519 1185 694 1258 moderate,
726 1185 784 1242 iam
814 1181 1116 1264 senior'eitcriorcm
1138 1175 1246 1257 Hispa·

219 1294 300 1350 niam
328 1292 393 1372 pari
426 1293 536 1352 iustitia
572 1291 737 1366 continuit,
772 1286 869 1347 maior
899 1287 1018 1366 privato
1046 1284 1144 1360 visus,
1174 1283 1247 1343 dum

218 1402 357 1480 privatus
381 1399 454 1478 suit,
485 1412 514 1460 et
542 1401 679 1461 omnium
711 1416 859 1458 consensu
891 1371 985 1476 capax
1016 1392 1154 1474 imperii,
1190 1390 1247 1452 nisi

220 1509 403 1588 imperasset.

153 1609 208 1687 50
299 1613 460 1694 Trepidam
488 1603 617 1692 urbem,
639 1636 674 1675 ac
696 1616 785 1676 simul
809 1614 996 1674 atrocitatem
1026 1609 1154 1670 recentis
1182 1627 1248 1668 sce·

186 1749 189 1752 ·
218 1716 287 1778 lcris
308 1716 396 1776 simul
422 1729 537 1778 veteres
562 1719 693 1780 Othonis
717 1739 815 1779 mores
838 1727 1019 1799 paventem,
1046 1735 1142 1776 novus
1166 1715 1250 1774 insu·

217 1845 271 1904 per
305 1821 344 1884 de
376 1823 501 1884 Vitellio
536 1825 661 1884 nuntius
690 1823 851 1900 exterruit,
884 1832 955 1883 ante
985 1820 1105 1883 caedem
1135 1817 1250 1880 Galbae

216 1949 401 2008 suppressus,
424 1938 457 1988 ut
481 1938 600 1989 tantum
620 1931 784 2012 superioris
808 1929 988 1989 Germaniae
1011 1929 1174 1989 exercitum
1199 1928 1252 1987 de-

218 2036 339 2092 scivisse
360 2016 545 2097 credeietur.
589 2035 670 2096 Tum
691 2037 771 2096 tluos
794 2035 929 2094 omnium
949 2035 1121 2093 mortalium
1152 2035 1252 2112 impu·

174 2139 319 2202 15dicitia
340 2135 462 2220 ignavia
484 2139 600 2198 luxuria
620 2141 797 2201 deterrimos
820 2139 902 2200 velut
923 2137 962 2196 ad
982 2135 1171 2218 perdendum
1193 2136 1251 2193 im-

220 2247 340 2326 perium
362 2241 493 2302 fataliter
516 2241 626 2303 electos
647 2267 710 2303 non
732 2254 855 2306 senatus
874 2241 967 2301 modo'
989 2251 1020 2301 et
1050 2261 1155 2320 eques,
1187 2239 1251 2321 quis

220 2351 321 2432 aliqua
343 2369 413 2430 pars
435 2357 463 2406 et
485 2365 560 2406 cura
579 2351 622 2406 rei
642 2348 798 2428 publicae,
819 2347 872 2408 sed
892 2347 997 2429 volgus
1019 2344 1140 2430 quoque
1153 2348 1251 2429 palam

220 2477 367 2522 asserere.
409 2457 470 2514 Nec
505 2455 564 2514 iam
600 2456 732 2516 recentia
756 2477 862 2516 saevae
890 2455 974 2539 pacis
1008 2455 1166 2537 exemplu,
1197 2455 1250 2516 sed

221 2563 348 2644 repetita
377 2559 532 2622 bellorum
561 2560 696 2622 civilium
727 2547 872 2622 memoria
905 2573 1022 2644 coptam
1051 2565 1161 2624 totiens
1190 2563 1251 2622 suis

176 2697 213 2737 20
223 2669 405 2730 exercitibus
424 2669 551 2746 urbem,
575 2671 744 2730 vastitatem
766 2671 886 2749 ltaliae,
920 2671 1102 2754 direptiones
1126 2671 1252 2754 provin-

224 2779 358 2852 ciarum,
391 2774 578 2834 Pharsaliam
605 2775 762 2860 Philippos
791 2787 820 2836 ct
843 2779 1003 2840 Perusiam
1031 2801 1066 2840 ec
1088 2781 1251 2857 Mutinam,

223 2891 295 2940 nota
327 2881 525 2961 publicarum
548 2884 679 2954 cladium
710 2888 848 2960 nomino,
879 2885 1093 2968 loquebantur.
1148 2889 1252 2968 Prope

226 3009 364 3048 eversum
385 2991 493 3050 orbem
514 2993 602 3052 etiam
623 2985 691 3053 c'urn
715 2995 752 3052 dc
774 2995 945 3076 principatu
968 2996 1046 3056 inter
1064 2997 1163 3056 honos
1185 3015 1252 3054 cer·

226 3103 352 3152 tarotur.
397 3095 455 3154 Sed
477 3101 619 3160 mansisse
642 3101 720 3160 Gaio
754 3098 850 3175 lulio,
879 3101 1019 3160 memisse
1041 3100 1168 3158 Caesare
1190 3101 1252 3159 Au-

177 3211 217 3272 25
227 3211 312 3279 gusto
343 3203 456 3261 victore
486 3203 665 3284 intperium3
698 3226 871 3264 nransurarn
900 3205 990 3267 fuisse
1024 3204 1082 3264 sub
1107 3204 1252 3286 Pompeio

228 3311 379 3390 Brutoque
400 3311 646 3390 rempublicam.
690 3312 776 3371 Nunc
811 3332 866 3392 pro
889 3311 1013 3372 Othone
1043 3331 1080 3370 on
1114 3331 1174 3390 pro
1197 3312 1254 3371 Vi·

221 3415 310 3487 ¹tellio
329 3420 360 3476 in
385 3415 499 3497 templa
521 3418 639 3478 ituros?
661 3417 814 3498 Utrasquo
836 3419 938 3497 impias
966 3439 1092 3499 preces,
1125 3426 1272 3497 utraque.

226 3525 401 3585 detestanda
425 3537 505 3598 vota,
528 3528 608 3586 inter
629 3523 702 3584 duos
724 3546 854 3606 quorum
875 3525 955 3586 hello
977 3522 1072 3584 solnm
1093 3524 1253 3600 irlscircs‘,

227 3631 410 3694 deteriorem
447 3633 583 3714 sorcqoi
613 3633 743 3691 vicisset.
785 3633 880 3694 Erant
905 3634 956 3713 qui
978 3632 1195 3712 Vespasianum
1223 3639 1254 3688 et

86 3815 87 3820 ἵ
182 3753 310 3812 30arma
333 3741 467 3800 Orientis
488 3749 716 3822 augurarentur.
759 3739 798 3798 Et
819 3749 853 3800 ut
873 3739 974 3819 potior
998 3750 1125 3820 utroque
1138 3740 1253 3818 Vespa-

227 3897 470 3914 ...nn—*onup-

314 3985 336 4034 3·
357 3984 465 4035 obtinui
483 3985 510 4034 io
530 3984 573 4034 Ma
591 3998 659 4034 tinus
683 3983 751 4038 vidit
768 3981 912 4035 Victorius.

300 4090 341 4143 ²7·
361 4080 504 4147 intemplo
524 4079 572 4129 Ml.
