2914 4724
541 393 614 460 ara.
635 396 656 454 1.
678 394 769 457 oar.
788 351 923 462 sa—as.
1206 397 1244 462 et

218 595 345 659 poenam
367 595 478 640 vocare
497 593 559 638 acu
582 575 713 638 Hercule
745 574 808 650 illi,
843 595 920 657 quos
948 593 1018 636 cum
1045 573 1172 636 maxime
1193 574 1248 634 Vi·
1263 579 1290 648 (a
1305 575 1335 632 c.
1352 577 1409 646 ⁶9¹)

221 683 321 744 tellius
344 682 373 742 in
394 703 447 742 nos
469 683 542 763 ciet,
562 683 706 745 Germani
718 681 858 744 audeant.
899 679 1004 742 Ulline
1018 679 1122 742 ltaliae
1135 679 1250 742 alumni

122 823 124 830 ·
223 799 252 850 et
270 791 407 849 Romana
427 807 501 850 vere
522 789 666 852 iuventus
684 789 725 850 ad
744 790 921 868 sanguinem
942 797 975 847 et
1004 783 1129 848 caedem
1157 783 1253 866 depo·

192 887 196 903 '
220 898 375 978 poscerint
394 894 544 974 ordinem,
566 896 652 956 cuius
672 893 834 976 splendore
855 903 884 954 et
904 891 1002 973 gloria
1019 891 1127 954 sordes
1146 900 1178 952 et
1193 891 1254 952 ob-

194 992 395 1074 iscuritatem
415 1002 651 1067 Vitellianarum
672 1001 807 1082 partium
827 989 1095 1082 praestringimus?
1115 997 1253 1060 nationes

220 1110 337 1192 aliquas
371 1112 532 1192 occupavit
558 1105 711 1185 Vitellius,
729 1107 889 1188 imaginem
922 1105 1074 1190 quandam
1108 1105 1255 1166 exercitus

222 1213 334 1274 hebet:
356 1225 477 1276 senatus
497 1211 657 1274 nobiscum
677 1219 730 1272 est.
771 1209 823 1271 Sic
843 1210 889 1289 tit,
910 1219 946 1270 ut
966 1210 1039 1273 bine
1060 1210 1252 1294 respublica,
1356 1235 1362 1249 κ
1386 1223 1391 1234 ’

225 1317 296 1379 inde
315 1319 418 1382 hostes
439 1321 484 1382 rei
504 1317 641 1401 publicae
660 1316 863 1378 constiterint.
907 1317 1014 1397 Quid?
1034 1339 1091 1380 vos
1110 1317 1254 1402 pulcher-

153 1435 155 1440 ‘
224 1425 333 1488 rimam
352 1427 431 1488 banc
451 1425 558 1487 urbem
580 1425 720 1488 domibus
745 1436 776 1486 et
796 1427 883 1488 tectis
903 1437 934 1488 et
955 1438 1098 1510 congestu
1119 1427 1255 1513 lapidum

178 1539 305 1599 ¹⁰stare
325 1535 472 1598 creditis?
491 1547 574 1598 muta
596 1538 654 1598 ista
675 1547 706 1598 et
730 1534 862 1598 inanima
887 1536 1067 1600 intercidere
1093 1559 1129 1600 ae
1165 1557 1256 1620 repa·

223 1645 284 1704 rari
307 1645 454 1726 promisca
477 1656 568 1706 sunt:
605 1647 768 1708 aeternitas
790 1634 943 1709 rerum'et
970 1667 1026 1728 pax
1056 1649 1192 1728 gentium
1225 1655 1269 1718 et,

177 1729 208 1814 Ι
226 1765 292 1814 mea
312 1773 381 1814 cum
402 1752 593 1816 vestrasalus
608 1751 817 1814 incolumitate
833 1762 953 1816 senatus
966 1753 1119 1816 firmatur.
1165 1753 1256 1816 Hono

224 1859 415 1941 auspicatae
438 1869 565 1942 parente
589 1871 618 1924 et
639 1859 799 1924 conditore
824 1861 908 1923 urbis
928 1873 1049 1924 nostrae
1069 1861 1253 1933 institutum,

210 1977 297 2028 sete
316 1967 439 2048 regibus
459 1987 557 2049 usque
578 1966 618 2029 ad
628 1967 780 2052 principes
798 1969 978 2055 continuum
1000 1977 1031 2028 et
1051 1964 1257 2028 immortalem

177 2073 302 2144 adsient
323 2096 339 2133 a
360 2073 526 2135 maioribus
543 2077 731 2158 accepimns,
758 2077 803 2138 sic
823 2073 950 2157 posteris
969 2071 1138 2136 tradamus.
1181 2077 1257 2158 Nam
1363 2113 1365 2120 ,

227 2190 263 2240 ut
284 2201 319 2240 ex
337 2178 427 2240 vobis
446 2189 609 2257 senatores,
627 2182 672 2242 ita
692 2201 727 2242 ex
748 2181 940 2242 senatoribus
959 2177 1108 2260 principes
1127 2200 1274 2244 cascum·

161 2285 218 2366 85
230 2290 312 2351 tnr.“
351 2287 394 2348 Et
416 2283 515 2346 oratio
535 2285 573 2346 ad
593 2285 836 2367 perstringendos
856 2283 1094 2368 mulcendosque
1125 2287 1257 2352 militum

227 2395 364 2471 animos,
385 2401 416 2455 at
435 2391 604 2454 severitatis
625 2390 735 2453 modus
756 2397 863 2476 (neque
888 2394 969 2454 enim
988 2396 1019 2457 in
1043 2393 1145 2479 plures
1166 2417 1257 2478 quam
1316 2404 1320 2413 ’

228 2503 262 2562 in
283 2501 359 2564 duos
380 2499 580 2562 animadverti
601 2502 734 2579 iusserat)
756 2511 841 2583 grate
868 2511 1006 2584 accepta,
1039 2505 1258 2588 compositique

176 2609 267 2698 acad
290 2631 432 2692 praesens
454 2609 507 2691 qui
530 2609 665 2670 coerceri
686 2629 746 2669 non
768 2619 918 2690 poterant.
961 2614 1026 2674 Non
1049 2613 1258 2696 tamen.quies

228 2718 312 2792 urbis
336 2716 468 2778 redierat
480 2742 493 2808 ².
509 2721 651 2799 strepitus
668 2714 797 2778 telorum
816 2727 846 2778 et
866 2718 955 2778 facies
974 2718 1046 2780 belli
1069 2731 1132 2781 erat
1143 2763 1153 2796 ,
1177 2717 1258 2780 mili·

228 2823 310 2884 tibus
326 2835 361 2887 ut
383 2823 460 2884 nihil
478 2825 510 2884 iu
532 2845 692 2886 commune
712 2823 916 2903 turbantibus,
939 2830 982 2888 ita
1000 2827 1109 2908 sparsis
1131 2847 1187 2908 per
1201 2825 1257 2887 do-

230 2949 297 2990 mos
315 2928 435 2998 occulto
455 2929 588 3009 habitu,
610 2943 641 2992 et
661 2931 793 3014 maligna
816 2953 890 2994 cura
912 2933 942 2994 in
962 2953 1088 3008 omnes,
1112 2953 1187 3014 quos
1200 2953 1257 2993 no·

230 3035 333 3098 bilitas
349 3047 402 3098 aut
421 3057 491 3120 opes
509 3047 563 3104 aut
585 3037 685 3120 aliqua
703 3039 829 3123 insignis
852 3038 1000 3103 claritudo
1011 3031 1187 3100 ¹rumoribus
1200 3039 1258 3099 ob·

184 3139 351 3246 25ieeerqt.
392 3144 569 3239 Vitellianos
588 3167 712 3228 quoque
733 3145 844 3208 milites
874 3149 988 3209 venisse
1022 3147 1053 3207 in
1077 3145 1186 3206 urbem
1219 3144 1259 3208 ad

232 3251 331 3312 studia
351 3253 484 3333 partium
505 3251 658 3312 noscenda
674 3249 816 3339 plerique
836 3251 1010 3316 credebant.
1054 3249 1146 3312 Unde
1169 3249 1260 3331 plena

234 3356 338 3419 omnia
356 3357 562 3440 suspicionum
582 3365 613 3417 et
630 3356 679 3418 vix
700 3367 813 3420 secrete
834 3357 979 3422 domnum
1000 3360 1064 3421 sine
1084 3355 1256 3419 formidine.
1350 3379 1353 3382 ·
1406 3357 1409 3376 ⁴

159 3467 176 3506 ⁷
234 3465 295 3528 Sed
315 3463 480 3548 plurimum
500 3443 713 3546 trepidationis
732 3467 765 3525 in
786 3465 927 3549 publico,
950 3477 985 3529 nt
1008 3449 1158 3548 quemque
1179 3487 1283 3546 nun·,
1351 3471 1353 3475 ’

236 3573 313 3634 tium
336 3573 415 3634 fama
444 3571 610 3652 attulisset,
642 3573 776 3634 animum
808 3573 987 3659 voltumque
1018 3576 1196 3656 conversis,
1222 3595 1278 3663 ue¹

324 3747 348 3800 5.
364 3748 592 3816 praestringimus
608 3747 628 3798 1.
648 3745 691 3799 rr.
705 3749 874 3802 Gronovius:
893 3745 959 3816 libri
975 3747 1122 3820 perstring.

324 3839 348 3890 8.
366 3837 442 3906 inde]
460 3840 490 3891 in
501 3837 553 3902 Ma,
572 3845 599 3892 et
614 3855 677 3892 mox
693 3841 778 3894 multa
796 3857 845 3910 pro
863 3851 955 3906 mutc3
982 3847 1041 3894 tum
1058 3843 1183 3898 inanima
1196 3841 1261 3910 Lip·
1349 3836 1353 3855 ¹

240 3935 308 3986 sius:
330 3932 437 3988 codices
458 3935 571 4000 inania3
589 3935 652 3988 dein
676 3938 715 3989 15,
735 3939 776 3988 sic
788 3915 842 4006 ‘pro
862 3937 932 3992 sieut
948 3936 1000 3993 Ma.

310 4044 351 4081 ar.
369 4043 429 4082 erat
445 4027 624 4082 Puteolanus?
644 4029 750 4082 codices
767 4043 799 4082 et.
817 4029 890 4082 Infra
908 4037 950 4088 att.
968 4034 1024 4086 vim
1040 4045 1089 4102 pro
1112 4041 1143 4082 ut
1159 4027 1210 4080 tte.
