2912 4730
190 523 194 528 -
213 481 274 552 114
585 476 873 544 ursTolittoUtt

50 684 76 748 (a
94 677 125 732 c.
143 676 199 748 69.)
211 663 262 726 sic
284 661 518 746 Scribonianum
541 661 598 724 sub
608 660 734 730 Claudio
746 659 962 722 interiectomr
983 658 1028 718 aic
1037 674 1246 736 permissorem
1307 699 1312 713 ,

210 772 274 837 eius
294 769 491 852 Volaginium
511 791 530 832 e
547 772 687 851 gregorio
709 770 747 832 ad
768 787 887 830 somma
909 763 1040 826 militina
1054 771 1246 844 provectum.
1276 814 1281 826 ,

150 919 153 926 ,
209 879 341 954 Facilius
366 877 523 948 universos
544 877 656 960 impelli
675 899 778 960 squam
807 873 939 958 cingulos
970 873 1071 938 vitari.
1115 869 1170 931 His
1193 865 1315 952 pra-76

211 988 341 1050 roribus
360 997 517 1056 nutantem
539 997 569 1046 et
588 985 639 1048 alii
660 987 757 1067 legati
773 985 923 1066 amicique
942 980 1107 1044 firmabant
1125 987 1158 1040 et
1176 979 1248 1038 Mu·-

212 1095 335 1170 cianus‚
351 1147 354 1154 .
370 1103 439 1176 post
470 1091 581 1153 multos
614 1102 808 1172 secretosque
829 1111 985 1153 sermonen
1005 1091 1066 1148 iam
1090 1094 1120 1144 ct
1143 1091 1281 1154 caramfi

212 1200 253 1260 ita
275 1174 405 1267 locotus.
449 1199 590 1275 „Omnes
611 1198 665 1280 qui
687 1219 866 1279 magnarum
879 1217 983 1258 rerum
1004 1191 1133 1255 consilia
1154 1191 1251 1252 ausci-

212 1307 314 1386 piont‚
339 1304 499 1366 aestimare
522 1303 651 1381 debent,
676 1304 817 1384 acquod
840 1304 1006 1364 inchoatur
1036 1305 1083 1364 rei
1104 1281 1249 1383 publicai

212 1395 309 1488 utile,
329 1410 399 1492 ipsis
421 1409 608 1494 gloriosum,
638 1421 689 1474 cot
709 1422 888 1493 promptum
915 1411 1049 1488 effectu,
1082 1421 1136 1470 aut
1167 1417 1252 1470 certa

214 1540 275 1581 non
297 1516 429 1582 arduom
451 1521 497 1579 sit.
537 1517 636 1584 Simul
660 1519 725 1600 ipsc
740 1522 793 1600 qui
816 1517 925 1578 suadet
944 1515 1250 1591 considerandoscst,

213 1625 374 1684 adiiciatnc
397 1623 522 1687 consilio
547 1623 714 1706 pericolum
735 1645 846 1702 soum,
875 1634 906 1684 et
925 1623 951 1684 si
981 1623 1108 1683 fortuna
1136 1623 1253 1703 coeptis
1267 1643 1304 1682 ιο

214 1732 355 1810 affuerit,
377 1733 429 1794 coi
450 1753 600 1795 summum
622 1732 716 1797 doeens
734 1735 923 1814 acquiratur.
966 1731 1033 1813 Ego
1053 1741 1102 1808 tc,
1136 1729 1252 1812 Vespa.

215 1841 322 1920 sione,
344 1819 382 1910 'ad
405 1840 565 1920 imperium
586 1859 662 1907 voco
675 1849 746 1900 tam
770 1841 906 1902 solutore
926 1837 1139 1919 reipublicae
1159 1857 1260 1921 quam·

213 1947 270 2008 tibi
288 1923 493 2028 magnifieum·
535 1947 621 2010 quta
652 1943 726 2005 daca
758 1943 788 2002 in
822 1951 878 2002 toa
906 1963 1001 2000 mann
1029 1943 1165 2024 positum
1195 1953 1252 2004 cst.

213 2055 279 2118 Nec
302 2057 431 2138 speciem
453 2053 602 2116 adulantia
628 2051 796 2135 expaveris¹
841 2050 870 2110 A
901 2050 1086 2113 contumelia
1115 2071 1208 2134 qnam
1236 2070 1256 2110 a

214 2162 309 2232 laude,
327 2163 451 2245 propius
471 2162 564 2226 fucrit
598 2171 671 2242 post
692 2159 854 2222 Vitellium
889 2160 969 2244 eligi.
1010 2165 1078 2224 Non
1110 2161 1305 2228 advenerari

216 2267 278 2338 divi
298 2269 426 2350 Augusti
450 2267 632 2331 acerrimam
664 2277 817 2344 mentem,
850 2287 909 2328 nec
936 2267 1086 2330 adversus
1116 2269 1255 2341 cantissi-

216 2395 297 2448 mam
320 2377 436 2442 Tiberii
450 2387 656 2454 senectutem,
680 2397 721 2436 ne
740 2385 846 2434 contra
858 2353 916 2436 Gai
937 2376 1062 2456 quidem
1085 2385 1137 2436 aot
1160 2375 1255 2436 Clau.

217 2482 260 2544 dii
282 2481 330 2546 vcl
352 2483 481 2550 Neronia
500 2481 660 2549 fundatam
683 2479 776 2561 longo
804 2482 932 2562 imperio
959 2481 1085 2542 domum
1116 2481 1253 2562 exsurgi-

121 2649 124 2656 ,
217 2609 297 2650 mua.
349 2586 470 2660 (lesanti
499 2589 592 2652 ctiam
619 2585 741 2648 Galbae
767 2587 978 2670 imaginibus..
1000 2590 1139 2671 Torpare
1174 2587 1254 2650 ultra

220 2707 252 2768 at
270 2693 463 2776 polluendam
487 2693 734 2776 perdendamque
752 2715 818 2756 rom
838 2695 992 2778 publicam
1012 2698 1193 2780 relinquere
1205 2715 1307 2759 sorno

220 2823 280 2884 por
302 2812 332 2861 et
353 2803 471 2883 ignavia
489 2801 665 2880 videretur,
686 2803 777 2864 etiam
798 2805 822 2864 si
858 2802 932 2883 tibi,
960 2827 1054 2886 quam
1082 2806 1257 2884 inhonesta,

112 2906 113 2912 '
221 2918 284 2998 tam
305 2918 369 2968 tuta
390 2910 521 2970 servitos
542 2918 627 2968 esset.
672 2910 757 2972 Abiit
778 2911 840 2972 iam
861 2921 891 2972 et
904 2923 1110 2984 transvectum
1124 2923 1259 2975 esttam-

221 3035 298 3097 pus‚
321 3037 382 3096 qoo
400 3037 502 3098 posses
524 3013 622 3076 videri
652 3017 847 3102 concupisse:
878 3021 1115 3102 confugiendum
1147 3029 1193 3081 cst
1220 3019 1257 3080 ad

223 3120 398 3204 imperium.
457 3125 503 3184 An
535 3123 645 3186 excidit
678 3127 846 3198 trucidatus
880 3127 1260 3213 Corbuloipsplendidior

222 3229 337 3308 origine
358 3249 448 3316 quam
472 3247 526 3316 nos
545 3250 662 3312 annius,
685 3233 804 3308 fateor:
839 3230 893 3292 sed
921 3240 952 3296 et
977 3231 1061 3298 Nero
1093 3229 1309 3302 nobilitatc25

224 3332 369 3398 natalium
392 3332 547 3398 Vitellium
568 3336 716 3406 anioibat.
759 3335 837 3396 Satis
851 3333 954 3396 clarus.
972 3333 1122 3415 estapud
1146 3339 1259 3398 timcn-

222 3447 283 3496 tem
304 3435 439 3518 quisquis
460 3440 598 3514 timetur,
642 3441 682 3500 Et
703 3437 843 3519 posrcob
855 3421 989 3497 exercito
1006 3439 1174 3524 principem
1188 3443 1257 3504 ficri

222 3543 278 3604 cibi
300 3543 362 3624 ipae
384 3542 530 3608 Vitalliua'
544 3545 749 3620 documento,
774 3540 866 3602 nullis
888 3543 1070 3626 stipendiis,¹
1094 3547 1178 3610 nulla
1197 3551 1258 3609 mi·

224 3697 487 3712 w

308 3800 333 3853 5.
348 3815 376 3856 cr
393 3821 523 3868 coronam
541 3797 599 3862 lla,
617 3806 645 3862 el
662 3816 686 3866 7.
705 3797 781 3869 quod
800 3798 960 3860 incoliorum
976 3803 1060 3859 idem.

305 3895 329 3948 8.
348 3895 491 3968 fferam„
521 3904 570 3947 aut
595 3910 653 3946 non
667 3874 751 3946 'certe
781 3911 859 3962 non,
888 3903 917 3950 et
945 3913 984 3958 ια,
1013 3911 1148 3973 tanqum
1179 3869 1255 3959 „tui

222 3996 281 4040 tore
300 3985 353 4046 Ma.

294 4097 330 4150 19.
349 4089 460 4148 torpore
477 4074 523 4131 Ma
533 4110 541 4136 ,
563 4082 591 4127 et
607 4081 648 4146 24.
670 4081 826 4153 cplcndr'ori.
