2890 4728
1147 475 1207 540 319

183 651 288 734 procul
309 671 327 714 a
348 651 542 715 contentione
564 651 709 719 adsersus
728 660 958 734 procuratores,
977 659 1009 714 et
1032 651 1152 717 vincere
1161 652 1209 714 in·

183 759 315 840 glorium
336 770 368 820 et
387 761 475 822 atteri
497 759 653 827 sordidum
674 757 893 823 arbitrabatur.

266 868 367 930 Minus
388 869 583 934 triennium
575 891 606 935 sn
631 886 667 936 ea
696 867 846 952 legatione
873 867 1015 938 detentus
1045 887 1081 930 ac
1110 865 1212 930 atatim

185 974 225 1036 ad
247 996 331 1057 spem
352 977 525 1042 consulatus
544 986 706 1042 revocatus
726 987 781 1056 est,
801 972 967 1044 comitante
990 974 1133 1059 opinione
1146 975 1214 1039 Bri·

157 1080 321 1148 sicaniam
341 1084 370 1145 ei
390 1085 581 1166 provinciam
602 1083 689 1159 dari,
721 1081 812 1148 nullis
841 1085 874 1148 in
900 1081 959 1147 hoo
981 1083 1215 1147 suissermoni.

186 1189 265 1269 bus,
298 1191 351 1256 sed
369 1194 440 1273 qnia
461 1201 517 1275 par
538 1191 710 1268 ridebatur.
751 1187 841 1254 Haud
874 1209 993 1272 semper
1018 1201 1098 1279 errat
1122 1192 1214 1267 lama,

186 1293 347 1378 aliquando
368 1307 400 1360 et
420 1295 519 1382 elegit.
561 1299 673 1361 Consnl
684 1298 822 1382 egregiae
836 1305 901 1361 tuns
922 1298 983 1378 spei
1002 1295 1095 1362 tiliam
1114 1300 1216 1366 iuueni
1229 1293 1373 1367 (nu-⁸³⁰)

186 1403 262 1467 mihi
285 1403 463 1486 despondit,
483 1427 520 1470 ac
542 1403 823 1488 postconsulatum
845 1404 1022 1480 collocavit,
1052 1416 1083 1466 et
1114 1410 1216 1474 statim

186 1511 361 1576 Britanniae
380 1515 567 1608 praepositus
594 1523 638 1576 est
669 1513 788 1576 adiecto
814 1512 1006 1612 pontificatus
1034 1511 1215 1576 sacerdotio.

123 1599 177 1680 lll
267 1618 443 1680 Britanniae
464 1620 557 1680 situm
574 1617 766 1700 populosque
792 1603 896 1678 multis
925 1617 1121 1699 scriptoribus
1141 1639 1216 1680 me-

182 1733 321 1791 moratos
351 1745 413 1786 non
438 1727 469 1786 in
501 1726 756 1808 comparationem
785 1745 879 1786 curae
900 1723 1054 1808 ingeniive
1073 1723 1214 1801 referam,

180 1829 240 1892 sed
260 1829 333 1912 quia
353 1839 418 1892 tum
439 1831 573 1914 primum
593 1830 764 1912 perdomita
785 1839 839 1897 est.
880 1830 987 1912 ltaque
1005 1851 1083 1914 quse
1104 1831 1219 1914 priores

179 1935 325 1999 mondum
346 1947 500 2019 comperte
521 1936 699 2022 eloquentia
722 1936 922 2019 percoluere,
945 1957 1050 2000 rerum
1068 1937 1128 2000 fide
1155 1945 1219 2000 tr'a·

78 2039 81 2050 '
179 2044 311 2106 dentur.
351 2043 527 2123 Britannia,
552 2045 724 2106 insularum
744 2064 820 2124 quas
840 2045 979 2105 Romane
1007 2045 1116 2104 notitia
1136 2065 1220 2106 oom-

135 2149 334 2232 rbpslcctitur
354 2152 493 2225 maxima,
517 2149 614 2228 spatio
639 2169 674 2208 ac
695 2145 779 2208 caelo
800 2147 831 2208 in
850 2147 1011 2210 Orientem
1024 2145 1219 2225 Germaniae,

181 2257 220 2316 in
244 2253 444 2314 Occidentem
465 2253 632 2335 Hispaniae
651 2252 850 2332 obtenditur,
886 2251 980 2313 Gallis
1000 2253 1033 2313 in
1063 2253 1246 2320 meridiem.

183 2361 282 2427 etiam
303 2360 481 2442 inspicitnr;
514 2357 762 2442 septentrionalia
790 2359 855 2422 eius
884 2359 975 2420 nullis
998 2370 1104 2423 matra
1128 2365 1220 2426 terris

78 2542 80 2556 ,
185 2478 275 2538 vasto
297 2476 390 2552 atquc
411 2477 515 2550 aperto
546 2469 624 2528 mari
640 2464 813 2550 pulsantur.
856 2464 1001 2528 Formam
1031 2470 1125 2531 totius
1151 2470 1220 2532 Bri-

189 2577 314 2636 tenniae
335 2573 441 2636 Livius
465 2581 631 2653 veterum,
649 2574 762 2636 Fabius
788 2558 932 2638 Rusticus
958 2578 1124 2638 recentium
1152 2577 1220 2640 elo-

142 2681 378 2767 aoquentissimi
397 2675 708 2763 aucoresoblongae
727 2677 862 2743 scutulae
883 2663 932 2742 vel
955 2679 1080 2763 bipenni
1093 2683 1222 2744 assimu-

190 2790 300 2852 lavere.
343 2789 385 2850 Et
404 2796 451 2848 est
470 2807 505 2848 ea
525 2785 615 2848 facies
637 2789 715 2848 citra
728 2785 933 2864 Caledoniam,
957 2788 1039 2850 unde
1055 2799 1086 2852 et
1104 2790 1135 2851 in
1151 2789 1222 2852 uuis

192 2913 315 2958 versum
336 2895 417 2954 tama
443 2901 490 2952 est
510 2903 703 2972 transgressa.
744 2893 806 2956 Sed
833 2898 1013 2960 immensum
1040 2909 1071 2964 et
1087 2907 1222 2962 'enorme
1312 2881 1314 2885 ¹

194 2999 324 3082 spatium
341 2998 591 3080 procurrentium
610 3009 742 3084 extremo
762 3000 822 3064 iam
841 3000 948 3064 littore
967 3010 1118 3070 terrarum
1140 3006 1224 3078 velut

195 3107 227 3168 in
263 3123 394 3168 cuneum
424 3112 577 3165 tenuatur.
620 3104 707 3166 Hanc
737 3125 822 3168 cram
839 3108 1002 3173 novissimi
1030 3111 1120 3172 maris
1150 3119 1224 3170 tunc

144 3213 328 3296 25primum
350 3213 487 3302 Romana
507 3211 609 3274 classis
629 3201 831 3278 circumvecta
861 3216 990 3280 insulam
1017 3237 1079 3280 esse
1099 3218 1224 3282 Britan·
1303 3232 1307 3240 “

191 3320 275 3380 aiam
295 3313 475 3391 affirmavit,
497 3336 532 3378 ac
552 3315 672 3378 simul
663 3318 829 3402 incognitas
844 3319 884 3382 ad
906 3319 937 3382 id
957 3329 1092 3404 tempus
1101 3321 1223 3404 insulas,

144 3493 145 3498 η
192 3445 267 3510 quas
285 3423 421 3486 Orcadas
440 3435 569 3542 vocant,
589 3423 705 3488 invenit
726 3424 913 3510 domuitque.
952 3424 1095 3519 Dispecta
1126 3437 1172 3492 est
1193 3441 1225 3493 et

194 3532 423 3550 m--q‘

189 3631 191 3636 .
280 3589 306 3642 3
323 3587 449 3646 detentus
466 3591 578 3644 nonita
603 3589 789 3661 accipiendam
818 3597 877 3655 est,
908 3593 986 3662 quast
1013 3589 1224 3646 solitudinum

195 3691 374 3736 commoratus
392 3683 522 3737 fueritin
540 3666 574 3734 ea
590 3683 743 3754 legatione,
761 3681 812 3736 red
830 3684 919 3752 ipsum
937 3683 989 3738 lroc
1003 3699 1109 3749 mumss,
1126 3700 1225 3756 quam·

195 3775 236 3828 vis
252 3775 440 3846 splendidum,
458 3789 515 3828 nnn
534 3775 600 3828 satis
620 3773 731 3845 dignum
748 3781 808 3827 erat
834 3775 887 3831 siri
913 3775 1043 3844 praeclari
1067 3779 1223 3835 virtutibus.

158 3919 160 3922 .
266 3883 308 3919 ιι.
327 3882 353 3924 ιι
369 3870 525 3926 universum
538 3869 616 3938 sema
634 3879 673 3922 est
691 3868 871 3942 transgressis
888 3867 930 3924 Pr
952 3875 983 3922 et
1000 3868 1053 3936 rb,
1069 3886 1223 3949 transgres-

198 3982 243 4018 sus
261 3968 367 4015 ceterae
385 3965 521 4020 editiones
536 3971 600 4018 ante
620 3951 796 4027 thesium,
814 3963 863 4035 qui
882 3964 1043 4028 emendarit.

270 4075 312 4112 aa.
332 4057 456 4114 innorme
474 4060 518 4114 sn
537 4067 565 4113 et
581 4059 636 4130 Va,
653 4061 770 4114 correxit
791 4058 943 4122 Rhenanus.
