2912 4730
239 379 297 444 ut
411 356 413 365 '
606 373 897 440 utsrouuauu

76 553 104 620 (ι
124 547 154 602 c·
167 551 224 624 ⁶9⁰)
236 566 339 618 torum
354 557 578 640 amicorumque
588 559 751 620 comitatus
770 553 962 618 inhabilisad
984 551 1164 636 parendum,
1179 553 1269 621 ctiam

236 667 261 726 si
293 665 411 727 summa
436 665 582 727 modestia
613 674 783 750 regeretur.
827 662 1011 725 Onerabaut
1040 659 1270 722 multitudinem

177 785 180 796 ’
235 773 319 836 obvii
342 795 377 834 ex
397 774 474 835 urbe
492 785 649 837 senatores
667 777 863 858 equitesque,
895 772 1021 856 quidam
1048 779 1150 849 metu,
1182 771 1271 830 multi

236 901 292 960 per
311 877 534 976 adulationem,
557 885 653 944 ceteri
675 905 711 943 ac
731 881 877 965 paulatim
899 901 1017 955 omnes,
1047 899 1087 940 ne
1107 878 1173 940 aliis
1195 901 1270 959 pros

237 985 439 1050 ficiscuntibus
460 990 517 1072 ipsi
534 1001 736 1054 remanerent.
778 986 1031 1070 Adgregabautur
1051 1009 1069 1048 e
1089 986 1196 1070 plebe,
1215 986 1304 1052 tta-5

237 1095 345 1176 gitiosa
374 1119 432 1178 per
460 1099 603 1180 obsequia
637 1097 760 1158 Vitellio
790 1095 922 1178 cogniti,
956 1115 1082 1156 scurrae
1111 1093 1272 1154 histriones

235 1205 369 1284 aurigae,
391 1205 501 1290 quibus
521 1203 572 1266 ille
593 1203 795 1266 amicitiarum
817 1203 1095 1264 dehonestamentis
1116 1202 1273 1280 miregau·

235 1309 338 1371 debat.
378 1312 438 1372 Nec
460 1311 600 1373 coioniae
617 1309 710 1370 modo
731 1320 786 1370 aut
806 1311 972 1392 municipia
992 1319 1138 1391 congestu
1173 1309 1274 1389 copia·

236 1439 324 1494 rum,
342 1419 395 1480 sed
418 1418 473 1499 ipsi
495 1416 628 1476 cultores
646 1437 800 1499 arvaque,
832 1418 962 1478 maturis
989 1420 1049 1477 iam
1070 1417 1221 1499 frugibus,
1241 1428 1275 1478 ut

236 1525 346 1586 bostile
368 1523 465 1585 solum
487 1525 697 1584 vastabantur.
738 1523 855 1604 Multae
865 1532 898 1584 et
917 1534 1035 1586 atroces
1046 1529 1127 1587 inter
1148 1549 1179 1588 se
1191 1525 1271 1586 mili·
1286 1505 1342 1584 88

236 1644 302 1694 tum
322 1632 445 1709 caedes,
466 1641 535 1713 post
544 1631 726 1694 seditionem
743 1634 846 1695 Ticini
866 1646 1006 1716 coeptum
1025 1645 1169 1695 manente
1182 1635 1273 1718 legio—

234 1761 312 1803 num
332 1741 571 1824 auxiliorumque
591 1741 761 1822 discordia3
797 1740 851 1806 ubi
873 1744 1019 1806 adversus
1049 1759 1179 1826 paganos
1204 1759 1272 1810 cert

236 1845 365 1906 tendum
387 1847 484 1926 foret,
509 1869 669 1910 consensu.
710 1851 770 1912 Sed
800 1851 933 1932 plurima
962 1861 1080 1931 strages
1112 1853 1151 1912 ad
1180 1857 1276 1934 septis.

236 1973 321 2014 mum
356 1953 397 2014 ab
430 1954 509 2014 urbe
541 1952 684 2034 lapidem.
726 1953 861 2035 Singulis
891 1954 935 2014 ibi
965 1953 1112 2017 militibus
1136 1958 1274 2020 Vitellius

238 2070 360 2146 paratos
381 2061 463 2123 cibos
483 2073 518 2124 nt
535 2061 745 2144 gladiatoriam
767 2064 905 2143 saginam
927 2061 1103 2140 dividebct3
1128 2071 1158 2122 et
1181 2061 1273 2122 effusa
1289 2058 1324 2119 εὖ

238 2173 343 2254 plebes
363 2175 436 2234 totis
458 2193 491 2234 se
511 2173 615 2234 castris
635 2173 807 2232 miscuerat.
852 2171 1023 2230 lucutiosos
1052 2171 1162 2230 milites
1186 2177 1273 2243 [ver—

240 2281 350 2343 nacula
372 2279 536 2343 utebantur
562 2271 749 2354 urbanitate]
785 2276 912 2362 quidam
938 2277 1125 2359 spoliavere,
1153 2278 1273 2338 abscisis

178 2465 184 2474 Ι
239 2389 346 2450 furtim
365 2387 494 2467 balteis,
528 2409 566 2447 au
602 2387 728 2448 accincti
750 2386 853 2448 forent
883 2387 1054 2467 rogitantes.
1097 2385 1167 2444 Nou
1202 2384 1274 2446 tulit

239 2494 406 2559 ludibrium
424 2497 558 2556 insolens
578 2496 781 2556 contumeliae
795 2499 932 2554 animus:
957 2496 1103 2554 inermem
1122 2493 1272 2575 populous

240 2599 346 2684 gladiis
369 2605 516 2664 invasere.
560 2601 667 2664 Caesus
682 2601 942 2682 interaliospater
963 2601 1077 2682 militis,
1095 2599 1321 2676 cumfiliumqo
1434 2687 1435 2690 Ἴ

240 2721 519 2736 m

240 2775 318 2830 lixae
337 2771 554 2842 (Marketender)
571 2771 646 2823 cibos
664 2779 816 2840 potumque
834 2769 970 2823 militibus
993 2774 1130 2842 praesenti
1157 2775 1273 2842 pecunia

241 2867 377 2935 vendunt,
396 2869 443 2938 qui
465 2883 523 2917 cum
541 2867 646 2920 sordidi
665 2875 793 2938 quaestus
827 2883 906 2918 causa
937 2872 1072 2922 exercitus
1096 2877 1273 2934 sectarentur,

241 2963 392 3034 aliquando
412 2964 486 3033 ipsos
504 2979 594 3016 servos
613 2964 746 3034 (calones)
774 2959 878 3016 mo'rum
904 2969 1037 3036 pravitate
1063 2963 1273 3026 antecellebant',

242 3058 272 3110 id
290 3059 365 3131 quod
382 3061 412 3111 in
427 3055 479 3111 bac
496 3059 578 3111 turba
595 3058 724 3110 accidisse
742 3057 833 3112 verbis
855 3060 909 3113 buc
928 3061 1100 3131 transcriptis
1126 3061 1275 3118 indicatur,

242 3151 322 3207 Falso
340 3169 374 3205 ex
390 3152 444 3204 hoc
459 3153 575 3224 aliisque
593 3153 683 3206 Taciti
699 3153 766 3206 locis
786 3155 829 3224 (H.
849 3155 876 3218 I,
898 3154 940 3225 49.
956 3156 1015 3218 111,
1049 3171 1100 3216 ao„
1112 3155 1165 3226 33.)
1195 3157 1273 3210 Wal-

242 3246 335 3302 tberus
353 3248 465 3316 collegit
482 3247 590 3300 calones
609 3249 733 3320 lixasque
752 3265 808 3302 uon
826 3251 946 3305 diversos
964 3251 1057 3302 luisse.

315 3343 354 3396 16.
370 3341 526 3394 vernacula
543 3341 693 3396 utebantur
709 3343 989 3418 urbanitatelvverba
1022 3343 1073 3396 hoc
1095 3342 1155 3396 loco
1182 3348 1272 3415 posita

243 3453 323 3491 semu
350 3441 460 3488 carent:
488 3453 552 3488 nam
582 3438 630 3492 illa
655 3438 807 3492 balteorum
836 3441 964 3510 spoliatio
984 3439 1061 3490 nullo
1080 3442 1271 3508 modo-potest

242 3531 376 3600 appellari
395 3530 536 3586 urbanitas
555 3535 598 3587 vel
615 3533 763 3599 festivitas,
781 3552 872 3606 neque
892 3551 955 3589 vera
976 3552 1066 3606 neque
1085 3536 1193 3604 plebeia
1214 3536 1271 3586 sive

242 3628 395 3688 vernacula.
429 3629 571 3698 adscripta
589 3636 652 3681 sunt
668 3631 736 3684 baec
754 3631 784 3685 iu
801 3632 921 3700 margine
940 3629 974 3681 ad
994 3630 1154 3700 explicanda
1174 3611 1269 3684 subse-

244 3723 356 3794 quentia
376 3740 414 3774 αη
430 3721 552 3780 accincti
558 3725 657 3798 jurent
674 3727 841 3798 rogitantes:
863 3742 894 3776 ca
913 3725 986 3778 enim
1004 3727 1182 3796 iuterrogatio
1208 3745 1270 3778 vcr-

234 3807 340 3870 'nacula
362 3825 418 3870 erat
434 3820 573 3874 urbanitas
591 3837 623 3874 ac
639 3821 735 3873 festiva
764 3820 864 3870 irrisio.
900 3820 940 3874 Ex
968 3819 1087 3889 margine
1114 3821 1267 3874 adulterius
1367 3813 1371 3819 ’

245 3914 383 3982 scriptoris
411 3917 629 3984 serbisinserta
654 3921 717 3968 suut
743 3931 757 3964 a
785 3913 896 3969 librario
914 3915 947 3968 dc
976 3920 1169 3973 sententiarum
1196 3935 1268 3971 nexu

246 4021 345 4061 mauro.
