2912 4730
527 412 600 498 nra.
627 411 665 475 u.
698 411 785 470 car.
809 415 943 480 cr-ra.
1202 411 1240 476 er

123 679 126 684 Ι
215 611 337 666 muros,
357 591 478 668 instruit
498 611 655 672 aggerem.
679 592 801 652 molitur
821 601 932 672 portas.
975 589 1089 650 Contra
1121 597 1328 692 praeto-(ae,
1347 591 1404 692 ⁶9¹)

218 697 296 758 riani
318 697 476 780 dispositos
507 699 543 758 ad
572 699 602 758 id
634 699 728 778 ipsum
754 697 879 760 molares
908 697 1021 779 ingenti
1048 695 1180 778 pondere
1208 715 1259 784 ac¹

218 805 334 886 fragore
355 806 547 888 provolvunt.
589 807 666 866 Pars
687 805 883 888 subeuntium
905 804 1025 881 obruti,
1046 823 1115 886 pars
1138 801 1247 864 confixi

216 920 245 972 et
264 932 425 994 exsangues
447 923 502 972 aut
526 911 642 990 laceri3
676 931 747 970 curn
777 919 899 982 augeret
930 921 1056 992 stragem
1084 912 1247 994 trepidatio

136 1019 145 1056 l
179 1013 312 1099 '5eoque
337 1021 471 1103 acriusne
506 1017 668 1096 moenibus
696 1014 947 1090 volnerarentur‚
976 1013 1091 1078 rediere
1120 1017 1247 1078 infracta

217 1125 352 1202 partium
373 1125 462 1190 fama.
506 1124 549 1184 Et
571 1121 700 1182 Caecina
721 1121 837 1200 pudore
868 1132 990 1202 coeptae
1016 1131 1128 1182 temere
1153 1145 1247 1204 oppu-

88 1249 115 1278 ε·
139 1227 144 1237 ’
218 1227 381 1306 guntionis,
403 1249 442 1288 ne
463 1229 569 1288 irrisus
591 1248 625 1286 ao
648 1245 740 1286 vabus
762 1225 855 1286 isdem
881 1228 985 1286 castris
1006 1216 1158 1304 assideret,
1181 1237 1246 1288 tra.

220 1332 298 1391 iecto
320 1353 425 1394 rursus
446 1335 531 1394 Pado
561 1329 738 1392 Cremonam
767 1343 868 1414 petere
903 1331 1041 1394 intendit.
1065 1333 1248 1394 ,Tradidere

216 1459 279 1500 sese
298 1439 421 1500 abeunti
441 1439 584 1500 Turulius
604 1439 729 1500 Cerialis
749 1461 819 1500 eum
841 1439 1052 1521 compluribus
1075 1437 1201 1502 classicis
1218 1453 1249 1502 et

169 1569 204 1611 10
216 1546 310 1608 lulius
330 1547 518 1629 Briganticus
538 1569 607 1608 cum
629 1549 733 1630 paucis
756 1549 905 1629 equitum,
929 1546 976 1607 hic
992 1546 1160 1630 praelectus
1173 1549 1238 1608 alae

123 1646 125 1665 '
213 1658 243 1716 in
269 1656 388 1716 Batavis
397 1657 547 1736 genitus,
572 1655 622 1715 ille
641 1655 842 1739 primipilaris
864 1664 896 1716 et
917 1655 1062 1717 Caecinae
1082 1656 1248 1718 haudalie-

214 1783 290 1852 nus,
313 1763 395 1843 quod
415 1753 568 1824 ordines
558 1783 589 1820 sn
613 1764 776 1823 Germania
799 1761 934 1823 duxerat.

146 1865 203 1946 23
250 1922 272 1948 „
296 1869 446 1951 Spurinna
468 1876 624 1950 comperto
646 1865 757 1928 itinere
778 1865 923 1944 hostium,
945 1865 1096 1930 defensam
1118 1869 1248 1931 Placen-

213 1979 287 2038 tiam
308 1997 445 2060 quaeque
465 1987 530 2038 acta
551 1985 580 2038 et
601 1976 676 2060 quid
699 1977 828 2038 Caecina
852 1987 990 2058 pararet,
1017 1975 1153 2037 Annium
1174 1975 1248 2037 Gal-

168 2085 281 2150 15lu1n
302 2108 357 2166 per
378 2085 495 2148 litteras
519 2081 616 2144 docet.
658 2084 763 2146 Gallus
786 2083 936 2164 legionem
956 2083 1089 2162 primam
1109 2082 1141 2138 in
1161 2081 1247 2140 auxi.

217 2189 292 2258 lium
312 2184 487 2248 Placentiae
508 2183 658 2262 ducebat,
680 2185 796 2248 diffisus
816 2186 967 2264 paucitate
986 2183 1184 2264 cubantium,
1209 2208 1247 2248 nc

217 2294 341 2376 longius
359 2289 513 2353 obsidium
534 2299 563 2348 et
583 2291 647 2350 vim
672 2289 849 2349 Germanici
870 2291 1014 2350 exercitus
1034 2309 1141 2370 parum
1168 2291 1246 2354 tole-

218 2389 352 2464 rarent(
376 2399 441 2460 Ubi
464 2395 586 2480 pulsum
604 2395 767 2456 Caecinam
788 2415 911 2478 pergere
921 2395 1096 2458 Cremonam
1118 2401 1242 2480 accepit,
1338 2379 1342 2392 ⁸

217 2532 307 2596 aegre
342 2509 508 2571 coercitam
537 2505 687 2588 legionem
716 2513 747 2566 et
780 2505 935 2588 pugnandi
956 2505 1183 2589 ardoremque
1205 2507 1243 2568 ad

138 2617 139 2628 ’
170 2637 207 2678 ao
215 2619 391 2694 seditionem
413 2634 600 2698 progressam
611 2611 748 2674 Bedriaci
770 2613 857 2678 sistit.
880 2613 987 2691 ‘luter
1004 2603 1155 2678 Veronam
1166 2613 1243 2675 Cre·

215 2743 400 2808 monamqne¹
416 2723 496 2804 situs.
512 2729 555 2782 est
576 2721 661 2782 vicus
695 2718 813 2784 duabus
843 2719 902 2780 ium
931 2721 1074 2784 Romanis
1103 2719 1241 2783 cladibus

215 2839 304 2891 notus
325 2829 545 2910 infaustusque.

298 2937 400 3001 ladem
421 2935 526 2998 diebus
550 2955 566 2994 a
588 2935 706 2996 Marcio
728 2937 831 2997 Macro
842 2915 934 2998 baud
959 2939 1068 3018 procul
1091 2940 1238 3002 Cremona

214 3061 360 3124 prospere
396 3049 570 3122 pugnatum.
622 3042 757 3122 Namque
791 3051 951 3122 promptus
985 3045 1077 3107 animi
1106 3049 1240 3106 Marcius

150 3128 398 3217 sttransveetos
423 3146 549 3210 navibus
576 3143 798 3228 gladiatores
791 3169 820 3208 m
831 3143 1005 3210 adversam
1035 3147 1111 3210 Pudi
1140 3153 1239 3232 ripam

212 3271 339 3342 repente
360 3256 474 3318 affudit.
517 3253 652 3316 Turbata
675 3251 717 3312 ibi
734 3250 973 3316 Vitellianorum
996 3253 1122 3330 auxilia,
1145 3267 1238 3320 etce-

210 3365 282 3425 teris
302 3361 480 3423 Cremonam
498 3359 682 3442 fugientibus
703 3358 781 3420 caesi
800 3359 853 3442 qni
874 3358 1056 3424 restiterant.
1098 3333 1157 3422 sed
1187 3384 1236 3425 rc-

114 3547 116 3553 *
211 3492 333 3554 pressus
353 3468 540 3552 vincentium
550 3472 689 3565 impetus,
711 3461 749 3528 ne
767 3467 1235 3535 novissubsidiisfirmatibost'cs

217 3639 485 3658 mm

283 3771 305 3810 1.
323 3749 375 3812 Mil,
393 3747 589 3820 praetorianis,
609 3750 637 3794 et
656 3746 678 3797 5.
696 3742 795 3798 redire.
819 3743 903 3813 (Idem
924 3759 951 3810 p.
970 3741 1013 3806 80,
1023 3757 1063 3813 29.
1082 3737 1251 3817 gradibus.)x

294 3846 319 3898 6·
339 3841 545 3914 pudorepsamc
563 3837 667 3911 pudore
685 3837 742 3899 Ma,
762 3845 790 3888 et
813 3855 850 3889 ro.
871 3837 1052 3906 bregantinos.
1073 3867 1074 3872 =

279 3953 321 3993 aa.
339 3929 509 4010 inscitusque
529 3932 589 3997 Ma,
617 3941 646 3986 et
674 3947 714 4000 27.
735 3927 912 3997 resisterunt,
938 3940 966 3986 et
990 3947 1032 4004 ²7·
1053 3931 1231 4005 reprehensis,

207 4048 265 4089 'nou
277 4049 431 4104 repressus,
449 4035 478 4083 et
494 4047 520 4098 p.
539 4031 590 4094 82,
610 4045 633 4080 2.
653 4043 785 4101 quocum:
804 4025 900 4079 ducum
914 4026 1124 4081 Freinshemius.

964 4140 965 4146 ¹
1013 4121 1034 4183 fi
