2912 4730
295 370 313 472 i
364 415 368 424 ’
505 429 911 528 arbitremur-«46.
1049 422 1052 432 ’
1112 513 1117 520 ,
1185 442 1237 510 rar

211 628 257 690 riu
281 625 413 690 Otlmnls
433 623 548 690 infensa
575 623 700 688 Vitellio
729 623 890 687 decumam
923 637 1044 706 quoque
1072 642 1107 683 ac
1133 623 1285 694 resumta
1308 614 1406 686 cup.)

211 738 314 798 traxit.
358 737 421 798 Nec
442 736 558 800 Galliae
574 736 808 797 cunctabantur.
852 733 892 794 Et
917 731 1104 791 Britanniam
1125 729 1247 792 inclitus

212 851 284 922 ctga
315 843 533 924 Vespasianum
563 841 668 918 favor,
706 840 788 925 qnod
822 837 883 902 illic
916 837 1064 900 secundae
1091 830 1203 916 legioni
1230 855 1247 897 a

212 949 340 1012 Claudio
362 951 552 1031 praepositus
576 960 606 1008 et
627 947 707 1009 ballo
729 947 827 1009 clarus
847 953 966 1026 agerat,
995 963 1055 1004 non
1079 945 1142 1003 sina
1164 956 1248 1006 motu

180 1049 347 1116 badinuxit
367 1069 556 1131 ceterarum,
578 1054 610 1113 in
630 1055 743 1135 quibus
762 1054 899 1135 plerique
920 1053 1108 1112 centuriones
1136 1071 1172 1112 ac
1192 1055 1248 1110 mi·
1317 1077 1319 1084 ·

210 1155 278 1218 lites
299 1179 318 1218 a
348 1157 476 1222 Vitellio
508 1159 649 1241 provecti
681 1169 841 1239 expertum
877 1159 936 1216 iam
971 1159 1136 1238 principem
1168 1158 1248 1218 anxii

142 1247 198 1333 45
211 1265 379 1326 mutabant.
421 1267 468 1327 Ea
488 1266 640 1328 discordia
663 1275 692 1325 et
713 1263 828 1324 crebris
853 1262 926 1324 belli
946 1263 1045 1328 civilia
1073 1265 1248 1326 rumoribus

210 1373 348 1434 Britanni
369 1371 520 1457 sustulere
540 1375 667 1450 animos,
679 1382 814 1433 auctore
834 1373 976 1448 Venutio,
997 1373 1050 1454 qui
1072 1395 1161 1454 super
1173 1373 1247 1436 insi.

206 1489 270 1540 tam
292 1481 434 1542 ferociam
456 1491 488 1542 at
509 1481 638 1541 Romani
659 1455 789 1542 amitinis
808 1480 913 1541 odium
931 1479 1064 1561 propriis
1094 1481 1125 1540 in
1148 1480 1247 1541 Carti-

156 1585 368 1675 tomanduam
407 1585 543 1666 raginam
579 1584 707 1646 stimulis
742 1584 973 1646 accendebatur.
1031 1583 1248 1670 Cartimandua

204 1691 400 1774 Brigantibus
422 1691 638 1775 imperitabat,
658 1691 775 1775 pollens
796 1692 976 1772 nobilitata3
1000 1697 1031 1752 et
1051 1699 1176 1753 auxerat
1191 1711 1247 1773 po-

202 1804 349 1876 tentiam,
372 1777 533 1880 postquam
559 1808 652 1880 capto
681 1799 867 1880 pardulum
900 1818 972 1882 rega
1002 1797 1169 1860 Caractaco
1196 1798 1247 1859 in-

203 1908 346 1968 struxisse
366 1909 559 1991 triumphum
582 1906 703 1970 Claudii
718 1909 852 1970 Caesaris
871 1907 1040 1970 videbatur.
1082 1905 1158 1968 lade
1172 1923 1247 1986 oper

194 1999 236 2074 'ct
256 2031 360 2076 rerum
385 2017 589 2078 secundarum
610 2015 706 2078 luxus.
749 2019 858 2101 Sprato
878 2015 1013 2079 Venutio
1031 2015 1075 2096 lii
1099 2013 1158 2073 init
1176 2030 1245 2072 ma.

154 2123 286 2199 15ritus)
309 2124 495 2204 armigerum
516 2120 580 2182 eina
601 2121 795 2186 Vellocatum
815 2126 848 2183 in
864 2121 1090 2182 matrimonium
1101 2137 1244 2200 regnum·

201 2249 262 2309 qua
284 2231 410 2308 accepit.
455 2229 610 2288 Caucasea
631 2232 732 2291 atatim
751 2231 864 2312 flagitio
885 2229 1006 2290 domus.
1050 2231 1115 2290 Pro
1128 2227 1243 2290 'marito

178 2311 302 2394 ¹studia
331 2331 498 2413 civitatls‚-
512 2353 569 2414 pro
597 2329 745 2396 adultero
773 2333 868 2418 libido
895 2335 1016 2416 reginae
1050 2342 1081 2392 et
1108 2335 1241 2396 saeuitia.
1318 2355 1321 2361 ·

199 2440 302 2522 igitur
320 2441 472 2502 Venutius
494 2441 597 2502 accitis
624 2440 760 2518 auxiliis,
790 2440 1039 2523 aimulipaornm
1062 2439 1241 2522 Brigantum

199 2547 371 2610 delectione
391 2550 431 2608 in·
444 2557 614 2610 extremum
636 2548 799 2609 discrimen
823 2547 1074 2610 Cartimanduam
1102 2546 1239 2609 adduxit.

146 2655 281 2724 20Tutu
309 2655 406 2738 petila
440 2677 458 2718 a
487 2659 632 2719 Romanis
662 2657 824 2740 praesidia.
876 2659 919 2718 Et
946 2657 1085 2720 cobortes
1114 2655 1239 2739 alaeque

198 2743 343 2838 bostrae,
373 2763 467 2824 variis
487 2766 631 2846 praeliis,
655 2785 790 2826 exemere
810 2775 910 2825 tamen
933 2763 1068 2846 periculo
1091 2767 1237 2848 reginam.

83 2947 86 2952 Ι
196 2867 519 2972 Beqnumavauutio,
540 2865 657 2932 bellurn
677 2857 766 2959 nobis
788 2871 941 2932 relictum.

121 2953 189 3036 Mi
253 2973 255 2975 ’
282 2975 422 3036 Turbata
442 2999 498 3058 per
521 2979 643 3039 eosdem
664 2979 728 3040 dies
750 2980 932 3057 Germania,
962 2991 992 3041 et
1014 2980 1154 3039 socordia
1177 2980 1235 3038 du·

149 3144 151 3150 ,
188 3099 280 3165 rcum,
300 3081 447 3144 seditione
457 3082 620 3165 legionum,
644 3096 767 3148 externa
784 3089 815 3148 vi
836 3099 867 3148 et
885 3085 1009 3168 perfidia
1027 3084 1130 3144 sociali
1143 3105 1235 3164 prope

139 3171 186 3246 ai
198 3189 308 3250 afflicta
330 3190 466 3250 Romana
491 3209 546 3275 rea.
592 3189 762 3254 ldbellunr
790 3211 860 3255 cum
889 3193 986 3252 canals
1018 3201 1050 3250 et
1076 3192 1261 3268 eventibus,
1295 3173 1298 3180 s

119 3275 124 3280 Ι
199 3299 324 3374 (etenim
345 3297 461 3380 lougius
483 3308 662 3380 provectum
686 3304 739 3372 cst)
762 3320 832 3358 mox
853 3283 1105 3358 memorabimus.
1148 3299 1233 3358 Mola

199 3415 231 3466 ei
247 3389 407 3465 'Dacorum
428 3427 499 3487 gens
520 3426 680 3493 nunquam
702 3403 781 3483 lida,
803 3415 874 3466 tunc
896 3406 960 3466 sine
979 3417 1062 3464 metu
1097 3401 1231 3464 abducto

199 3535 215 3572 a
236 3513 350 3575 Moesia
372 3513 517 3574 exercitu.
560 3511 620 3574 Sed
632 3513 732 3594 prima
750 3535 853 3574 rerum
869 3511 964 3594 quieti
977 3507 1229 3590 speculabantur:

130 3700 135 3716 ›
198 3617 251 3689 ubi
272 3621 399 3703 flagrare
419 3620 538 3684 ltaliam
559 3618 664 3697 bello,
690 3629 801 3682 cuncta
819 3623 849 3680 in
872 3619 971 3680 vicem
999 3615 1122 3676 hostilia
1145 3605 1231 3691 acce-

147 3725 284 3809 Sopare‚
318 3731 492 3812 expugnatis
523 3721 696 3791 cohortium
727 3726 904 3811 alarumque
934 3722 1072 3787 bibernis
1100 3733 1229 3804 utraque
1272 3719 1277 3740 *

192 3962 196 3974 ’
230 3967 232 3974 ’
257 3947 261 3952 ’
284 3973 308 4010 a.
328 3953 441 4010 inclitus
461 3957 501 4010 G:
521 3953 642 4008 indictus
663 3955 714 4008 ida.
1255 4015 1259 4019 Ι

214 4023 218 4032 Ι
282 4053 305 4105 ⁸·
326 4051 441 4103 ''⁰¹¹⁴‘ss
460 4047 606 4104 obernum
625 4067 658 4102 0¹
677 4051 705 4102 Α·
727 4049 792 4114 ΧΠ,
812 4050 862 4116 lot
879 4048 985 4102 codices
1007 4047 1147 4101 Venusia·
1242 4021 1294 4106 B,

992 4151 1027 4208 11
