2912 4730
166 391 168 401 ⁴
229 425 288 482 rae
604 388 889 474 ursrouraauiu

63 615 89 656 te
112 597 138 648 C.
155 605 209 672 69.)
222 607 300 658 seut.
344 592 492 656 Hormine
513 593 545 654 id
568 594 741 678 ingenium,
765 604 798 652 ut
823 589 948 650 Messala
969 586 1075 664 tradit,
1097 601 1135 640 au
1149 583 1248 660 potior
1257 575 1315 654 Qss

220 711 326 764 auctor
344 703 383 761 sit
404 703 498 762 Gaius
519 700 636 761 Plinius
654 703 706 782 qui
721 699 895 760 Antonium
911 698 1039 764 incusat,
1061 689 1145 750 baud
1158 689 1247 750 facile

218 810 428 886 discreverim,
462 807 517 866 nisi
538 805 621 888 quod
650 827 749 887 neque
769 805 920 864 Antonius
947 820 1045 882 neque
1067 796 1200 858 Hormus
1230 815 1248 853 a

125 915 128 938 ¹
216 917 297 976 fama
317 916 440 995 vitaque
457 935 512 974 sua
542 915 682 994 quamvis
711 911 840 993 pessimo
871 907 983 988 flagitio
1014 904 1246 984 degeneravere.

215 1023 285 1084 Non
309 1023 368 1083 iem
389 1019 509 1103 sanguis
531 1041 627 1101 neque
646 1017 770 1078 volnera
791 1015 999 1088 morabantur,
1023 1011 1098 1092 quin
1120 1001 1275 1068 subrue-5
1386 1047 1389 1054 .

215 1141 283 1190 rent
302 1128 416 1190 vallum
436 1137 657 1212 quaterentque
681 1135 807 1206 portas,
830 1122 926 1184 innixi
950 1120 1087 1180 humeris
1108 1123 1140 1176 et
1153 1135 1244 1196 super

214 1240 353 1298 iteratam
383 1236 566 1300 testudinem
599 1233 778 1296 scandentes
810 1239 990 1314 prensarent
1021 1224 1157 1288 bostium
1185 1222 1247 1284 tela

214 1343 406 1425 brachiaque.
448 1345 560 1424 integri
579 1365 650 1402 cum
669 1344 793 1416 sauciis,
814 1341 979 1402 semineces
1000 1357 1069 1398 cunr
1089 1333 1245 1418 exspiran-

179 1489 183 1502 ·
214 1449 297 1511 tibus
318 1449 495 1523 volvuntur,
519 1449 602 1509 varia
622 1450 816 1529 pereuntium
840 1448 941 1506 forma
960 1453 993 1506 et
1016 1445 1099 1504 omni
1119 1443 1247 1524 imagine

213 1556 370 1617 mortium.
412 1556 598 1616 Acerrimum
617 1555 734 1614 'tertiae
766 1551 973 1634 septimaeque
1002 1549 1155 1630 legionum
1179 1543 1311 1626 cer-29

213 1672 335 1741 mosen,
351 1671 391 1723 ‘et
413 1662 473 1724 dux
494 1663 647 1724 Antonius
667 1683 739 1722 cnm
761 1661 885 1722 delectis
915 1657 1110 1720 auxiliaribus
1140 1657 1246 1720 eodem

171 1849 173 1852 Ι
213 1771 401 1832 incubuerat.
446 1771 620 1833 Obstioatos
652 1772 732 1834 inter
758 1793 789 1832 se
821 1791 892 1830 cum
918 1767 1068 1844 sustinere
1090 1765 1248 1828 Vitelliani

213 1879 391 1958 nequirent,
430 1889 460 1940 et
484 1880 655 1961 superiacta
681 1877 742 1952 tela
762 1877 916 1939 testudine
938 1875 1131 1952 laberentur,
1154 1874 1248 1956 ipsam

214 1993 370 2065 postremo
401 1984 541 2046 balistam
570 1987 600 2046 in
632 1985 796 2046 subeuntes
825 1982 1009 2064 propulere,
1040 2003 1118 2064 quae
1146 1992 1180 2042 ut
1206 1983 1246 2044 ad

214 2075 352 2172 praesens
374 2077 490 2153 disiecit
509 2091 672 2172 obruitque
704 2113 781 2174 quos
808 2089 986 2167 inciderat,
1007 2087 1049 2148 ita
1078 2090 1183 2168 pinnas
1211 2097 1295 2159 ac15

214 2181 330 2262 summa
350 2199 421 2262 velli
441 2199 530 2262 ruina
553 2221 607 2262 sna
630 2201 728 2288 traxit.
771 2199 866 2258 Simul
890 2199 995 2258 iuncta
1026 2196 1118 2257 turris
1139 2197 1248 2258 ictibus

216 2327 355 2368 saxorum
376 2308 473 2370 cessit.
516 2305 585 2384 Qua
607 2307 768 2388 septimani
790 2305 864 2368 dum
886 2307 1031 2366 nituntur
1052 2306 1164 2380 cuneis,
1184 2313 1247 2364 ter-

216 2415 316 2475 tianus
336 2413 490 2476 securibus
511 2411 677 2493 gladiisque
690 2422 809 2493 portam
819 2412 973 2493 perfregit.
1015 2411 1153 2472 Primum
1166 2412 1246 2470 irru-

214 2519 293 2600 pisse
303 2517 415 2580 Gaium
433 2493 596 2578 Volusium
617 2519 726 2577 tertiae
745 2517 872 2598 legionis
892 2515 1017 2576 militem
1040 2518 1121 2576 inter
1143 2535 1247 2577 omnes

215 2635 351 2684 auctores
381 2632 506 2684 constat.
548 2621 577 2680 ls
605 2622 636 2710 io
669 2621 785 2682 vallum
812 2641 967 2701 egressus,
1000 2623 1169 2686 deturbatis
1195 2623 1296 2704 quino

215 2729 406 2804 restiterant,
429 2727 605 2808 conspicuus
624 2708 716 2787 mann
737 2748 773 2787 ac
793 2747 866 2793 voce
888 2739 974 2810 capta
999 2740 1100 2792 castra
1119 2729 1243 2792 concla-

220 2855 449 2874 m

218 2904 264 2956 dio
289 2903 341 2956 boe
357 2905 462 2960 facinus
489 2909 598 2962 nonnisi
616 2908 707 2978 paucis
723 2908 811 2959 verbis
833 2909 1001 2976 significavit.
1039 2913 1154 2966 Scilicet
1170 2913 1240 2964 Hor·

216 3015 275 3049 mus
293 3000 337 3050 vel
355 3001 505 3067 Antonius,
523 3021 583 3054 cum
599 3005 699 3054 milites
719 3003 761 3054 sui
782 3002 845 3054 odio
864 3005 892 3054 in
911 3003 1075 3058 Vitellianos
1095 3009 1244 3058 communi-

216 3092 323 3165 busque
341 3096 524 3152 incitamentis
541 3099 576 3150 ad
598 3112 716 3166 pugnam
734 3099 924 3166 capessendam
952 3103 1077 3170 compelli
1105 3103 1158 3152 iam
1188 3119 1243 3152 nun

217 3200 345 3258 possent,
363 3207 408 3244 eos
425 3211 474 3262 spe
491 3193 653 3261 praedarum
672 3193 897 3264 diripiendasque
917 3197 1139 3264 opulentissimae
1169 3195 1246 3249 urbis

218 3285 335 3351 pessimo
354 3285 478 3352 exemplo
496 3282 644 3337 accendere
661 3286 720 3336 ausi
736 3294 807 3343 sunt.
845 3287 930 3356 Quod,
943 3288 1033 3340 rtatim
1052 3289 1175 3357 seqnitur
1203 3293 1247 3341 iu-

218 3381 326 3447 genium
343 3378 581 3450 (kinger'Einfali)
600 3381 704 3432 ironice
721 3383 838 3450 positum
856 3391 913 3437 est:
930 3400 991 3434 nam
1009 3383 1044 3436 ad
1061 3384 1116 3436 tale
1132 3383 1236 3436 facinus

217 3473 428 3538 perpetrandum
446 3489 502 3525 non
517 3473 627 3543 ingenio
645 3473 693 3528 aed
712 3475 812 3546 flagitio
832 3495 899 3545 opus
917 3485 965 3528 est.

292 3566 330 3617 18.
347 3567 514 3642 gladiisque]
536 3569 696 3623 Gladiornm
716 3574 745 3624 in
765 3570 953 3640 perfringenda
969 3578 1047 3638 porta
1067 3570 1159 3622 nullus
1171 3586 1245 3636 urus,

218 3657 266 3709 sed
283 3658 384 3709 milites
406 3662 563 3726 Vitelliani,
588 3668 635 3734 qui
657 3683 715 3718 eam
744 3670 816 3718 intur
836 3663 1030 3728 defenderent,
1063 3668 1147 3717 fracta
1168 3676 1245 3734 porte

218 3739 316 3820 gladiis
335 3751 510 3806 confodiendi
532 3765 623 3820 erant,
641 3767 673 3810 ut
690 3761 733 3812 via
754 3761 784 3809 in
804 3766 887 3809 castra
905 3757 1137 3826 oppugnatoribus
1164 3765 1244 3826 pate-

220 3845 306 3896 fieret
340 3844 372 3896 ld
394 3842 512 3898 breviter
530 3852 667 3904 securibus
694 3850 850 3922 gladiisque
868 3851 1037 3920 perfringere
1062 3866 1169 3926 portam
1199 3851 1245 3906 bic

220 3946 311 3990 nostor
325 3939 401 3990 dixit.
439 3941 531 4008 Ryelii
554 3951 653 4000 amicus
673 3947 821 4017 corrigebat
845 3949 1026 4022 dolabrisque.
1286 3933 1289 3939 Ι

287 4050 317 4088 ar
347 4037 509 4092 retinerent
529 4037 577 4090 tte.
