2886 4726
487 423 560 486 Llll.
585 422 639 484 lll.
659 419 746 486 CAP.
768 423 903 490 78-82.
1153 419 1210 485 189

147 585 149 591 s
180 618 242 678 tes,
263 603 412 666 occiditur
434 607 590 688 proximus
609 605 720 684 lictor,
756 603 912 695 dimovere
945 601 1069 665 turbam
1099 619 1252 698 ausum,
1269 625 1372 696 C·'⁶9·l
1407 627 1409 634 ·

130 742 133 752 ·
180 725 211 772 et
233 712 265 772 oi
286 711 394 772 datos
416 709 493 772 duce
514 709 667 792 praesidio
690 709 803 772 defensi
827 708 945 786 sorent,
974 727 1094 768 sacrum
1123 708 1213 770 etiam

177 820 212 877 in
238 828 354 878 exteras
377 827 481 898 gentes
502 813 674 898 legatorum
698 817 744 878 ius
764 826 834 877 ante
853 815 917 896 ipsa
945 813 1068 896 patriae
1095 808 1215 870 moenia
1238 889 1241 906 Ι

159 925 279 1008 civilis
309 923 412 988 rabies
439 945 532 1008 usque
560 927 591 984 iu
625 925 748 984 exitium
777 931 961 984 temerasset.
1012 917 1216 1001 nequioribus

155 1031 288 1093 5animis
309 1035 426 1116 accepti
447 1045 519 1094 sunt
536 1033 589 1114 qui
611 1031 650 1091 ad
673 1027 844 1096 Antonium
865 1035 1030 1101 venerant,
1062 1047 1122 1086 non
1144 1025 1217 1108 quia

116 1129 163 1208 81
181 1141 348 1203 modestior
367 1142 473 1220 miles,
494 1141 549 1202 sed
570 1139 640 1199 duci
661 1136 729 1220 plus
749 1138 949 1199 auctoritatis.
993 1135 1159 1196 Miscuerat
1186 1151 1218 1194 se

180 1247 286 1330 legatis
306 1251 466 1312 Musonius
487 1250 584 1311 Rufus
604 1245 752 1328 equestris
776 1245 903 1320 ordinis,
924 1243 1057 1306 studium
1081 1240 1217 1325 philoso-

143 1335 145 1343 Ι
180 1353 270 1436 phiae
292 1363 323 1414 et
343 1355 456 1436 placita
483 1357 653 1418 Stoicorum
686 1348 873 1427 aemulatam
893 1349 1125 1432 coeptabatque
1146 1369 1217 1430 per·

181 1462 290 1520 mixtus
312 1459 484 1542 manipulis,
504 1460 584 1518 bona
605 1459 685 1538 pacis
705 1478 740 1518 ac
767 1454 839 1519 belli
862 1453 1037 1516 discrimina
1057 1455 1217 1535 disserens,

135 1575 312 1634 inarmatus
333 1579 466 1626 monere.
509 1563 545 1624 Id
564 1563 717 1646 plerisque
740 1557 897 1638 ludibrio,
924 1559 1065 1642 pluribus
1094 1563 1215 1642 taedi03

181 1696 238 1735 nec
258 1673 385 1734 deerant
405 1673 459 1756 qni
480 1671 688 1756 propellerent
703 1669 987 1754 proculcarentque,
1006 1670 1038 1730 oi
1060 1669 1217 1732 admonitu

182 1780 393 1874 modestissimi
414 1784 560 1866 cuiusque
580 1791 612 1842 et
633 1780 698 1841 aliis
711 1779 921 1843 minitantibus
939 1779 1087 1842 omisisset
1106 1781 1217 1842 intem·
1286 1846 1289 1862 ι

181 1890 326 1971 pestivam
347 1889 537 1971 sapientiam.
579 1888 698 1950 Obviae
712 1888 796 1953 fuere
817 1898 848 1950 et
863 1888 994 1970 virginea
1003 1885 1137 1952 Vestales
1146 1907 1217 1950 cum

182 1995 310 2078 epistolis
342 1993 459 2058 Vitellii
494 1993 533 2056 ad
556 1993 738 2056 'Antonium
767 1994 896 2076 scriptis.
943 1993 1043 2056 Eximi
1072 2011 1218 2074 supremo

136 2088 341 2168 abcertamini
363 2122 459 2162 unum
480 2101 559 2162 diem
582 2101 772 2180 postulabat:
795 2103 959 2163 simeram
986 2099 1217 2178 interiecissent,

78 2210 82 2216 '
182 2211 302 2288 facilius
317 2209 417 2268 omnia
436 2215 634 2268 conventura.
677 2210 822 2292 Virgines
835 2229 906 2272 cum
917 2208 1035 2272 honore
1054 2207 1216 2270 dimissae:

143 2303 148 2315 ’
183 2315 310 2378 Vitellio
331 2312 515 2394 rescriptum
536 2311 644 2374 Sabini
665 2313 757 2374 caede
780 2324 812 2377 et
832 2314 974 2379 incendio
996 2313 1139 2398 Capitolii
1171 2313 1218 2376 di-

118 2409 175 2492 8&
187 2433 304 2506 rempta
325 2417 397 2480 belli
418 2420 609 2482 commercia.
648 2421 792 2485 Tentavit
811 2432 913 2486 tamea
925 2422 1078 2486 Antonius
1097 2431 1219 2488 vocatas

184 2531 225 2592 ad
247 2527 424 2590 concionem
445 2525 581 2610 legiones
600 2528 757 2612 mitigare,
789 2538 826 2592 ut
852 2531 957 2594 castris
979 2531 1061 2592 iusta
1093 2537 1219 2614 pontem

136 2667 175 2708 20
186 2635 338 2698 Mulvium
358 2633 462 2716 positis
483 2643 605 2716 postera
618 2632 676 2709 *die
703 2635 814 2698 urbem
842 2635 1086 2720 ingrederentorr
1126 2639 1217 2702 Ratio

184 2739 367 2816 cunctandi,
390 2763 431 2804 ne
452 2753 604 2824 asperatus
629 2741 748 2826 praelio
779 2744 864 2808 miles
894 2767 955 2808 non
984 2746 1120 2830 populo,
1154 2768 1217 2810 non

165 2851 326 2926 ¹senatui,
352 2867 390 2908 ne
411 2847 530 2929 templis
550 2847 674 2930 quidam
695 2871 732 2912 ac
754 2827 888 2916 delubris
919 2851 1046 2917 deorum
1076 2854 1217 2917 couside-
1290 2894 1292 2900 ‚

185 2970 243 3021 rat.
287 2953 349 3020 Sed
370 2975 491 3016 omnem
504 2955 711 3038 prolationem
731 2969 765 3020 ut
778 2961 929 3024 inimicam
940 2961 1086 3025 victoriae
1096 2980 1218 3042 suspeo·
1337 2946 1338 2955 ἵ

110 3085 115 3103 ·
185 3065 304 3127 tabant.
375 3063 646 3147 Simnliulgentia
674 3087 729 3148 per
758 3065 849 3130 colles
884 3063 1013 3140 vexilla,
1043 3078 1227 3148 quanquam*

45 3221 50 3226 -
135 3181 176 3244 25
186 3173 315 3237 imbellis
346 3171 475 3258 populus
492 3182 679 3255 sequeretur,
701 3174 828 3256 speciem
842 3173 958 3236 hostilis
971 3174 1116 3236 exercitus
1134 3171 1218 3234 lece..
1229 3251 1239 3264 Ι,

186 3295 268 3352 rant.
309 3284 481 3366 Tripontito
501 3281 638 3364 agmine,
659 3302 728 3364 pars
748 3293 781 3342 ut
804 3282 963 3344 adstiterat
982 3279 1132 3344 Flaminia
1154 3278 1215 3356 vis,

185 3413 256 3474 pars
278 3393 360 3452 iuxta
379 3394 479 3474 ripam
498 3389 621 3452 Tiberis
643 3391 783 3472 incessit3
809 3391 937 3454 tertium
956 3409 1062 3472 agmen
1083 3409 1139 3470 per
1161 3389 1217 3452 Sa·

186 3497 295 3560 loriam
318 3496 453 3560 Collinae
474 3507 582 3580 portae
605 3499 842 3581 propinquabat.
884 3499 976 3566 Plebs
995 3496 1216 3580 invectisequi.

117 3690 119 3695 Ι
186 3604 268 3668 tibus
290 3603 375 3684 fusa3
389 3603 482 3665 miles
502 3603 685 3666 Vitellianus
705 3607 794 3668 trinis
814 3617 844 3670 et
860 3607 925 3688 ipse
938 3601 1093 3686 praesidiis
1106 3624 1217 3667 occur·

140 3711 238 3784 50rit.
280 3709 404 3772 Proelia
423 3722 493 3776 ante
514 3711 622 3776 urbem
652 3711 747 3776 multa
783 3723 815 3776 et
842 3715 948 3800 varia,
981 3711 1034 3774 sed
1063 3710 1216 3776 Flavianis

116 3860 119 3871 ι
183 3848 486 3873 'nnn—mam

265 3965 303 4015 17.
321 3947 428 4018 arrepta
448 3949 530 4012 aua,
564 3957 592 4002 n
618 3967 659 4004 20,
687 3915 771 4008 eurr
787 3952 840 4007 ua.
869 3950 910 4003 cr.
929 3951 964 4003 aa
987 3951 1032 4010 11,
1059 3952 1101 4005 ss.
1137 3947 1210 4002 ossa

112 4036 116 4048 ¹
194 4044 237 4102 26.
251 4040 399 4096 adsisteret
418 4044 470 4099 Ma.
