2890 4728
230 419 306 530 974¹
599 460 887 522 lllSTOlllAlthl

69 648 95 718 (a
112 647 140 700 C.
159 651 214 722 po.)
228 646 360 706 telorum
378 649 459 705 iscin
480 645 673 706 dirimuntur.
714 645 820 706 Civilis
847 645 922 708 nihil
949 647 1027 706 ultra
1055 663 1146 707 ausus
1170 655 1253 705 trans

225 753 368 814 Rhenum
390 755 547 814 concessit.
589 753 714 814 Cerialis
733 753 863 814 insulam
884 757 1068 814 Batavorum
1101 753 1251 814 hostiliter

224 860 391 942 populatus
413 881 502 942 egros
524 860 674 942 villasque
692 859 795 922 Civilis
818 861 947 922 intactos
967 869 1040 919 nota
1058 870 1127 920 erte
1139 858 1252 920 dueum

223 969 352 1043 sinebat,
374 986 443 1028 cum
463 968 584 1026 interim
605 967 682 1028 lleru
703 967 842 1028 untumni
863 979 893 1027 et
915 967 1028 1027 crebris
1045 987 1102 1047 per
1120 966 1254 1028 hiemem

222 1077 371 1162 imbpibns
391 1076 562 1156 superfusus
583 1079 680 1136 amnis
700 1075 868 1157 palustrem
890 1073 1095 1155 humilemque
1116 1072 1282 1146 insulanis

186 1171 191 1178 ’
222 1183 255 1242 in
274 1184 382 1245 faciem
397 1187 494 1266 stagni
516 1182 660 1264 opplevit.
702 1183 766 1242 Nee
786 1183 887 1242 classis
907 1193 960 1242 aut
980 1191 1168 1242 commestus
1180 1182 1250 1242 ade-

221 1297 310 1362 rant,
348 1302 511 1372 castraque
539 1291 570 1349 in
599 1290 694 1370 plano
713 1291 771 1348 sits
792 1287 825 1348 vi
853 1287 987 1362 ¹lluminis
1017 1285 1247 1350 differebantur.

221 1397 362 1457 Potuisse
382 1402 457 1456 tnnc
475 1397 604 1476 opprimi
624 1397 774 1474 legiones,
800 1406 830 1454 et
849 1393 978 1454 voluisse
1000 1393 1180 1471 Germanos,
1196 1395 1315 1478 ³0de

107 1535 111 1552 ι
221 1501 293 1560 dolo
313 1525 330 1564 a
352 1525 384 1564 se
406 1504 498 1564 flexos
518 1505 679 1584 imputavit
701 1501 814 1563 Civilis.
857 1503 964 1583 Neque
984 1501 1132 1564 abhorret
1159 1525 1244 1574 vero,

221 1610 343 1689 quando
365 1611 471 1691 paucis
493 1621 563 1692 post
581 1611 686 1670 diebus
707 1611 822 1670 deditio
842 1612 978 1672 insecuta
999 1622 1054 1670 est.
1099 1611 1175 1671 Nam
1187 1611 1245 1672 Ce-
1261 1634 1300 1674 io

70 1781 75 1789 ,
128 1706 131 1711 ’
221 1717 305 1777 rialls
325 1739 380 1797 per
399 1717 533 1777 occultos
554 1719 675 1777 nuntios
695 1717 818 1776 Batavis
847 1701 973 1796 pedem,
1011 1715 1104 1776 Civili
1131 1716 1248 1778 veniam

221 1831 384 1894 ostentans,
408 1821 556 1884 Veledam
573 1825 823 1904 propinquosque
836 1822 979 1884 monebat
993 1823 1148 1883 loctunam
1163 1823 1248 1901 belli,

218 1938 264 1988 tot
287 1929 421 1990 cladibus
443 1931 620 2006 adversam,
652 1941 830 2013 opportuno
861 1951 932 2010 erge
965 1929 1114 2012 populum
1135 1929 1249 1988 Roma-

217 2041 290 2092 rinm
326 2037 438 2096 merilo
463 2045 592 2094 mutare.
636 2035 745 2095 Caesus
773 2037 950 2113 Treveros,
983 2045 1119 2115 receptos
1136 2033 1246 2112 Ubios,

217 2149 348 2219 ereptam
372 2122 492 2200 liatavis
510 2142 661 2222 patriam
684 2163 785 2222 neque
806 2139 888 2201 aliud
902 2141 1005 2200 Civilis
1025 2141 1158 2200 amicitia
1175 2145 1298 2222 par-15

216 2252 280 2302 tum
300 2265 392 2323 quam
404 2245 526 2306 volnera
547 2247 632 2330 luges
650 2248 760 2314 luctus.
803 2248 944 2308 Essolem
960 2269 1029 2306 eum
1050 2257 1081 2306 et
1093 2255 1247 2308 extorrem

216 2349 429 2429 recipientibus
450 2355 554 2430 oneri}
576 2363 605 2414 et
625 2357 698 2414 sutis
715 2356 888 2435 peccavisse
908 2353 991 2434 quod
1025 2354 1137 2413 totiens
1158 2353 1243 2416 Rhe·

214 2477 288 2514 num
308 2460 558 2520 transcenderint.
601 2461 633 2520 Si
654 2461 728 2540 quid
749 2458 830 2518 ultra
850 2460 1035 2533 moliantur,
1066 2459 1138 2524 inde
1159 2461 1244 2520 iniu-
1427 2531 1428 2546 3

214 2566 292 2623 riam
313 2572 344 2624 et
364 2567 508 2646 culpam,
539 2566 612 2626 hinc
632 2565 779 2626 ultionem
800 2575 832 2626 et
851 2567 920 2626 deus
945 2568 1025 2630 fore.
1055 2545 1313 2641 ‘marchan-25
1427 2557 1428 2610 l

214 2669 373 2728 torminis
403 2673 560 2749 promissa.
603 2672 643 2732 Et
670 2690 814 2744 concussa
842 2673 1154 2736 Transrhenanorum
1184 2675 1245 2738 fide

214 2777 295 2832 inter
314 2773 443 2834 Batavos
475 2797 597 2858 qnoque
623 2795 778 2836 sermones
807 2781 880 2837 orti.
923 2779 988 2840 Non
1016 2773 1254 2864 prorogandum

215 2879 298 2940 ultra
319 2881 457 2957 ruinam,
481 2905 536 2942 nec
560 2903 643 2965 posse
664 2885 703 2943 ab
724 2902 785 2943 una
807 2886 931 2948 natione
952 2891 1046 2950 totius
1074 2891 1158 2950 orbis
1178 2910 1245 2949 ser·

214 2985 325 3048 iitium
346 2989 464 3070 depelli.
507 2992 589 3068 Quid
611 2991 776 3073 proiectum
797 2994 889 3056 caede
911 3005 943 3056 et
968 2989 1118 3059 incendiis
1145 2997 1242 3082 legio·

214 3113 301 3172 num,
321 3097 377 3156 nisi
398 3101 430 3158 ut
450 3097 554 3178 plures
566 3097 995 3180 validioresque'accircntnr?
1014 3108 1040 3166 si
1049 3107 1240 3188 Vespasiano

285 3313 324 3366 15.
342 3306 461 3382 partum]
481 3307 633 3378 Legebatnr
649 3318 783 3379 puratum.
801 3295 837 3354 ss
848 3311 944 3366 Simile
962 3314 1027 3366 huie
1043 3314 1140 3366 vitium
1159 3332 1239 3384 snpra

213 3401 254 3464 V,
274 3419 325 3467 io,
351 3401 400 3453 ubl
418 3410 476 3454 erut
499 3418 566 3472 poce
585 3416 704 3472 parom,
717 3420 749 3453 sa
772 3404 900 3458 Rhenano
917 3419 981 3459 vero
1004 3417 1153 3460 correctum
1179 3423 1238 3458 esse

213 3507 306 3545 omnes
324 3498 506 3554 consentiunt.
541 3495 594 3546 Sed
612 3498 838 3564 quemadmodum
856 3519 950 3569 pacem
968 3520 1071 3574 perere
1084 3519 1135 3570 pro
1143 3519 1238 3574 pacem

104 3585 110 3592 '
213 3590 356 3658 acquirere
372 3599 428 3644 non
445 3593 561 3656 dicitnr,
592 3591 631 3641 ite
647 3594 765 3646 vulnero
791 3611 846 3646 nou
861 3611 964 3666 parato
982 3599 1029 3652 sed
1052 3611 1139 3669 parta
1168 3598 1239 3651 diei-

211 3694 289 3742 mus‚
314 3683 338 3732 ii
364 3692 451 3735 sermo
472 3692 513 3736 est
532 3685 566 3737 de
589 3685 744 3738 vulneribus
775 3690 900 3756 acceptis.
936 3692 1024 3743 Paret
1046 3692 1157 3744 voluero
1188 3693 1237 3760 qui

213 3772 306 3826 studet
323 3774 546 3845 infligerealteri.
581 3779 698 3830 Volnera
718 3797 732 3829 a
752 3784 855 3834 Batavis
878 3797 981 3852 parata
1012 3794 1075 3836 sunt
1094 3801 1164 3854 quoe
1193 3785 1238 3836 illi

212 3866 339 3919 hostibus
369 3879 531 3936 paraverunt
559 3873 750 3937 (vorteretute
776 3873 821 3928 vel
844 3876 876 3926 in
907 3875 1089 3946 Bereitscliosc
1111 3877 1237 3948 liegends

216 3960 374 4032 Wunden),
393 3979 475 4035 puna
491 3983 559 4036 quoe
578 3969 630 4036 ipsi
654 3970 708 4020 sibl
727 3964 897 4040 pepererunt'.

283 4055 324 4122 24·
333 4057 433 4127 fieres,
451 4075 507 4110 uon
525 4061 632 4129 plures,
652 4059 733 4128 Bida-⁴
796 4047 799 4052 ⁵
