2880 4720
256 429 318 502 384
564 455 566 462 v
585 421 642 486 DE
664 417 934 484 customens

247 610 388 691 smiugit,
406 625 475 668 111111
496 606 596 666 sciatis
614 596 693 664 liene
713 623 778 664 esse
794 599 943 664 eiusmodi
960 615 1134 660 sermonum
1161 597 1273 682 legem

246 719 389 780 iudicium
411 715 504 774 animi
526 714 603 774 citra
624 712 770 772 damnum
791 709 918 770 effectus
938 706 1096 790 proferre.-

325 823 441 902 Perge,
464 822 564 902 inquit
581 821 749 896 Maternus,
773 827 892 878 etcum
913 817 952 876 de
977 810 1111 894 antiquis
1130 808 1273 892 loqan

245 941 331 994 utere
353 933 477 1010 antiqua
496 928 654 1006 libertate,
681 947 699 988 a
722 936 787 1008 ‘que
821 923 870 986 vel
897 922 992 1004 magis
1025 919 1272 1002 degeneravimus

243 1058 335 1122 quam
358 1039 397 1098 ab
417 1037 601 1119 eloquentia.
1280 1017 1305 1078 5

324 1147 365 1208 Et
386 1145 528 1217 Messala,
551 1145 617 1204 Non
639 1139 827 1212 reconditas,
850 1139 1008 1214 Materne,
1040 1153 1144 1194 curmae
1167 1130 1345 1212 requi-28

244 1257 296 1332 ris,
317 1275 372 1314 nec
392 1265 444 1314 ant
463 1253 591 1332 tibiipsi
613 1261 666 1311 eut
686 1248 759 1310 huic
769 1244 908 1307 Secundo
930 1245 977 1303 vel
999 1237 1168 1324 lruic.Apro
1179 1243 1272 1319 igno.

242 1375 312 1439 tas,
335 1361 450 1421 etiamsi
474 1359 549 1420 milri
569 1370 670 1439 partes
693 1357 847 1439 assignetis
876 1350 1050 1434 proferendi
1076 1351 1110 1410 in
1136 1345 1272 1408 medium

241 1487 320 1551 quae
340 1485 446 1538 omnes
467 1465 623 1526 sentimus.
664 1465 741 1541 Quis
761 1462 844 1522 enim
867 1462 993 1542 ignorat
1021 1469 1051 1521 et
1071 1457 1270 1538 eloquentiam

242 1583 274 1636 et
290 1584 404 1634 ceteras
426 1581 507 1632 artes
522 1569 685 1632 'descivisse
706 1568 746 1628 ab
765 1567 817 1628 illa
837 1576 940 1629 vetere
959 1559 1057 1640 gloria
1084 1585 1147 1624 non
1167 1565 1272 1644 iuopia
1286 1579 1325 1620 tn

242 1679 402 1742 hominum
424 1679 475 1740 sed
506 1677 621 1740 desidia
648 1676 812 1738 inventutis
841 1686 871 1736 et
897 1674 1080 1758 negligentia
1111 1682 1273 1754 pareutum

242 1797 274 1850 et
301 1785 458 1848 inscientia
486 1785 733 1868 praecipientium
761 1795 792 1844 et
822 1784 978 1846 oblivione
1008 1783 1101 1842 moris
1128 1779 1274 1860 antiqui?

241 1914 319 1976 quae
337 1892 415 1953 mala
437 1895 568 1975 primum
589 1894 620 1953 in
641 1892 722 1970 urbe
743 1901 831 1968 uate,
862 1913 932 1953 mox
964 1913 1020 1973 per
1045 1888 1163 1952 ltaliam
1193 1889 1270 1959 fusa,

241 2001 303 2062 iem
324 2002 355 2060 in
378 2000 544 2080 provincias
566 2009 714 2080 manant3
735 2019 911 2082 quanquam
924 2010 1029 2060 nostra
1051 1996 1137 2058 nobis
1151 1981 1272 2056 notiora

244 2116 326 2168 sunt.
367 2108 435 2190 Ego
458 2107 496 2168 de
516 2106 593 2168 urbe
614 2117 645 2168 et
664 2106 712 2167 his
726 2107 857 2189 propriis
880 2127 914 2166 ac
935 2102 1102 2165 vernaculis
1123 2101 1205 2164 vitiis
1223 2100 1272 2160 lo-
1286 2089 1319 2149 ¹5

242 2235 339 2296 quar,
361 2234 438 2296 quae
458 2225 546 2275 natos
567 2217 668 2276 stetim
690 2217 844 2297 oscipiunt
863 2223 893 2273 et
922 2233 976 2294 per
1005 2210 1137 2291 singulos
1166 2209 1272 2270 aetatis
1354 2191 1358 2198 ¹

241 2318 352 2402 gradus
373 2317 584 2398 cumulantur,
619 2322 645 2382 si
678 2321 766 2401 prius
796 2319 834 2380 de
855 2319 1013 2380 severitate
1043 2337 1082 2378 ac
1115 2313 1272 2396 discipline

240 2425 393 2486 maiorum
404 2427 486 2488 circa
505 2427 677 2489 educandos
697 2424 935 2508 formandosque
945 2425 1056 2486 liberos
1070 2443 1168 2504 peuce
1180 2443 1272 2502 prac-

242 2531 358 2594 dixero.
402 2533 465 2594 lam
488 2535 622 2616 primum
642 2553 714 2596 suus
732 2536 843 2618 cuique
859 2517 954 2611 lilius,
986 2554 1021 2596 ex
1041 2527 1127 2595 c'asta
1146 2541 1271 2612 parente

242 2647 349 2712 nutus,
378 2637 492 2698 nonin
513 2637 588 2698 cella
607 2649 724 2720 emptae
753 2638 885 2698 nutricis
913 2638 968 2700 sod
997 2631 1112 2719 gremio
1136 2659 1174 2698 ac
1202 2637 1270 2698 sinu
1280 2652 1321 2693 ιο

240 2744 347 2804 matris
366 2741 566 2815 educabatur,
592 2743 676 2803 cuius
698 2742 938 2824 praeeipualaus
954 2754 1023 2806 erut
1043 2746 1127 2804 tueri'
1144 2743 1272 2804 domum

241 2859 273 2910 ct
294 2847 444 2908 inservire
465 2845 578 2910 liberis.
618 2847 796 2932 Eligebutur·
817 2861 917 2912 nutem
936 2852 1035 2911 maior
1063 2850 1165 2932 ulique
1196 2861 1272 2913 nutu

240 2955 420 3040 propinqua,
443 2958 528 3018 cuius
546 2957 684 3040 probatis
703 2958 903 3041 spectatisque
925 2961 1060 3022 moribus
1080 2960 1178 3020 omnis
1191 2959 1271 3019 eius·
1418 2951 1419 2997 l

243 3062 314 3123 dem
336 3061 467 3124 familiae
495 3063 615 3126 suboles
641 3065 906 3143 committeretur3
941 3087 1045 3128 coram
1077 3087 1138 3148 qua
1167 3085 1269 3148 neque
1417 3069 1418 3072 ’

239 3169 406 3232 diceresne
426 3182 492 3233 erat
513 3173 595 3254 quod
614 3183 705 3255 turpe
727 3169 823 3254 dictu,
843 3182 942 3256 neque
961 3173 1058 3234 facere
1076 3171 1163 3254 quod
1182 3169 1318 3232 inho-25

241 3288 362 3339 nestum
383 3279 467 3338 sactu
489 3278 650 3340 videretur.
693 3282 737 3340 Ac
757 3301 818 3340 non
830 3280 931 3342 studia
944 3280 1035 3341 modo
1053 3299 1201 3361 curasque
1214 3277 1269 3339 sed

242 3382 431 3444 remissiones
460 3382 550 3444 etiam
578 3384 719 3468 lususque
751 3403 916 3468 puerorum
947 3383 1106 3448 sanctitate
1137 3384 1268 3469 quadan

252 3545 522 3564 —uuu——n

330 3633 355 3684 8.
373 3635 483 3687 etiamsi
498 3634 623 3703 Lipsiust
640 3635 662 3685 F
678 3637 776 3690 etenim
793 3639 849 3691 ium
867 3640 902 3692 ri.

319 3725 358 3791 14.
376 3731 407 3778 ιἰι
425 3728 502 3780 deest
520 3727 550 3781 1².
584 3727 648 3780 Mox
667 3745 763 3782 nostra
783 3729 861 3784 nobis
878 3713 1036 3786 Rhenanus:
1054 3731 1178 3786 Fveetro
1190 3726 1267 3782 nobis

245 3815 290 3870 111
307 3821 352 3879 (ut
371 3817 529 3870 Schreutiut
544 3818 627 3887 sidit)
646 3833 741 3874 vestra
759 3822 839 3878 uobis.

320 3927 357 3979 ¹7·
377 3908 410 3963 de
425 3909 436 3982 l
457 3931 476 3965 a
493 3911 528 3978 1²,
545 3916 592 3986 qui
614 3931 653 3986 ¹9·
676 3913 794 3986 pridem,
812 3905 840 3968 el
858 3932 900 3970 so.
920 3919 952 3970 iu
969 3882 1082 3984 cellam,
1103 3927 1132 3976 ct
1149 3922 1188 3988 sq.
1199 3921 1266 3990 quia

246 4021 332 4076 neque
348 4002 460 4060 discere.
