2886 4726
321 391 360 484 '.
420 507 426 524 q
530 443 678 510 ,mnu
704 443 793 504 aar.
815 449 910 512 r-e.
942 401 946 406 ⁵
1160 455 1219 518 aaa

188 617 391 683 accolasodio
414 608 529 685 insensa
551 627 667 688 ludaeis
700 625 835 686 Arabum
864 626 992 702 manue,
1026 626 1114 688 multi
1146 637 1257 712 quos(a
1277 639 1307 692 c.
1328 633 1379 702 τυ)

188 729 269 819 urbe
290 737 380 810 atque
403 731 491 793 ltalia
512 755 565 796 sua
587 754 741 818 quemque
770 755 839 816 spes
870 734 1025 796 acciverat
1053 738 1220 820 occupandi

189 837 358 917 principem
378 840 480 904 adhuc
500 866 641 906 vacuum.
686 845 740 906 His
766 864 837 904 cum
867 845 961 924 copiis
991 843 1064 902 fines
1089 841 1220 906 bostium

190 945 342 1026 ingressus
362 949 528 1030 composito
549 948 684 1030 agmine,
713 959 823 1010 cuncta
849 948 1010 1029 explorans
1040 939 1223 1030 paratisque

65 1077 66 1080 ’
153 1035 371 1133 Hdenrmme,
401 1057 484 1118 ha'ud
518 1055 627 1137 procul
658 1055 875 1137 Hierosolymis
907 1065 1003 1116 castra
1034 1056 1117 1116 fecit.
1161 1057 1222 1115 Sed

191 1161 261 1241 quia
283 1161 415 1223 famosae
437 1165 524 1226 urbis
547 1184 723 1244 supremum
745 1165 823 1224 diem
846 1165 1121 1245 tradituri‘sumuq
1146 1183 1222 1226 con·

187 1288 299 1348 gruens
321 1270 443 1332 videtur
463 1271 633 1353 primordia
654 1275 718 1338 eius
740 1273 869 1354 aperire.

272 1371 399 1436 Iudaeos
422 1371 509 1437 Creta
534 1378 628 1440 insula
651 1380 799 1460 profugas
823 1359 984 1440 novissima
1007 1379 1120 1460 Libyae
1143 1378 1222 1440 inse·

174 1476 264 1552 vdisse
285 1491 474 1557 memorant,
495 1502 553 1561 qua
578 1493 754 1563 tempestate
780 1484 929 1544 Saturnus
956 1482 986 1541 vi
1008 1482 1090 1542 Iovis
1118 1483 1221 1564 pulsus

139 1584 308 1644 incesserit
330 1587 439 1668 reguis.
485 1591 706 1668 Argumentum
729 1612 746 1649 e
767 1590 890 1650 nomine
911 1590 1047 1670 petitur:
1082 1589 1219 1652 inclitum

184 1691 215 1750 in
236 1692 326 1752 Creta
348 1692 430 1752 Idam
453 1707 610 1774 montem;
633 1695 749 1756 accolas
769 1698 872 1758 idaeos
886 1707 980 1757 aucto
997 1697 1030 1755 in
1051 1697 1219 1760 barbarum

183 1808 386 1878 cognomento
403 1801 529 1865 ludaeos
543 1805 680 1866 vocitari.
724 1807 858 1884 Quidam
881 1807 1113 1890 regnantelside
1125 1829 1219 1868 exun-

129 1927 132 1940 <
182 1903 308 1964 dante-m
327 1927 383 1987 per
405 1909 579 1994 Aegyptum
604 1911 833 1977 multitudinem
855 1915 983 1976 ducibus
1005 1914 1217 1998 Hierosolymo

182 2031 217 2071 ac
240 2011 317 2074 luda
339 2015 492 2096 proximas
517 2017 670 2079 interrae
693 2031 905 2097 exoneratam3
924 2020 1068 2100 plerique
1084 2019 1216 2078 Aethio-

135 2119 169 2182 15
182 2141 255 2200 pum
275 2119 403 2201 prolem,
425 2142 500 2202 quos
523 2142 594 2200 rege
608 2125 729 2202 Cepheo
752 2133 850 2184 metus
864 2131 955 2204 atque
974 2123 1075 2182 odium
1097 2131 1216 2184 mutare

182 2229 267 2288 sedes
288 2228 465 2310 perpulerit.
509 2227 586 2286 Sunt
606 2230 656 2309 qui
680 2229 808 2290 tradunt
824 2229 963 2310 Assyrios
986 2251 1149 2306 convenas,
1166 2231 1214 2288 in.

182 2335 286 2415 dignm
308 2355 457 2416 agrorum
474 2332 643 2414 populum,
663 2347 750 2416 parte
765 2339 895 2418 Aegypti
918 2333 1038 2416 potitos,
1062 2344 1130 2396 mox
1141 2357 1214 2416 pro-

181 2439 266 2521 prias
287 2442 380 2504 urbes
396 2443 612 2524 Hebraeasque
630 2453 727 2502 terras
748 2453 783 2502 et.
797 2444 941 2524 propiora
952 2443 1057 2524 Syriae
1075 2445 1212 2508 coluisse.

180 2545 269 2605 Clara
291 2546 341 2607 alii
362 2547 544 2634 ludaeorum
564 2546 662 2606 initia:
687 2545 845 2630 Solymos,
880 2547 1067 2610 carminibus
1088 2545 1212 2608 Homeri

131 2653 366 2718 accelebratam
389 2663 528 2734 gentem,
566 2655 710 2715 conditae
732 2653 803 2714 urbi
827 2653 1070 2736 Hierosolymam
1100 2677 1209 2716 nomen

142 2756 194 2832 3e
226 2783 279 2822 suo
312 2764 427 2825 fecisse.
471 2764 613 2833 Plurimi,
633 2774 775 2825 auctores
808 2767 1021 2841 consentiunt,
1053 2773 1121 2824 crta
1154 2785 1210 2846 per

178 2867 351 2948 Aegyptum
374 2870 445 2928 tabe
469 2889 545 2950 quae
569 2890 694 2950 corpora
726 2865 879 2944 foedaret,
907 2869 1008 2949 regem
1028 2867 1207 2928 Bocchorim
1284 2899 1287 2904 ·

179 2974 262 3032 adito
283 2975 460 3035 Hammonis
481 2975 606 3042 oraculo
630 2977 795 3036 remedium
817 2989 965 3057 petentem
995 2996 1130 3056 purgare
1159 2996 1207 3034 re·

175 3102 269 3163 guum
289 3091 318 3142 et
340 3080 372 3142 id
392 3101 485 3162 genus
506 3079 662 3142 hominum
685 3091 719 3140 ut
741 3083 870 3142 invisum
886 3080 949 3142 deis
970 3078 1043 3139 alias
1064 3083 1094 3138 in
1111 3083 1205 3156 terras

125 3189 305 3276 25avebere
334 3189 464 3250 iussum.
494 3261 495 3264 Ἴ
524 3190 572 3250 Sic
600 3191 802 3272 conquisitum
833 3189 1054 3271 collectumque
1086 3185 1203 3265 uolgus,

112 3299 118 3312 '
173 3305 331 3377 postquam
353 3298 444 3358 vestis
476 3294 549 3356 locis
579 3295 718 3356 relictum
748 3299 803 3371 sit,
840 3294 948 3356 ceteris
977 3316 1031 3376 per
1063 3294 1206 3354 lacrimas

171 3403 370 3486 torpentibus,
392 3405 516 3484 Moysen
537 3423 631 3464 unum
653 3399 786 3464 exsulum
803 3407 953 3482 monuisse
966 3421 1004 3459 ne
1022 3415 1112 3479 quam
1128 3396 1202 3460 deo·

172 3535 240 3573 rum
263 3512 460 3574 hominumve
484 3533 574 3594 opem
597 3521 807 3596 exspectarent
835 3513 974 3592 utrisque
996 3507 1124 3582 deserti,
1147 3507 1199 3568 sed
1239 3489 1244 3508 ’

242 3685 278 3720 ιι.
296 3666 391 3720 iudeus
409 3666 460 3718 Ml.
479 3665 586 3738 Deinde
604 3682 646 3722 ao.
665 3685 762 3722 nomen
780 3683 794 3720 a
814 3663 976 3720 Rhenanus:
997 3661 1062 3732 libri
1078 3663 1196 3716 stamine.

159 3823 167 3836 ἢ
215 3745 218 3750 ’
239 3777 280 3826 27.
298 3763 412 3830 Moysen
431 3761 467 3816 B:
485 3759 528 3810 Ma
548 3760 592 3810 hic
609 3775 670 3810 eum
691 3761 785 3812 ceteris
804 3759 916 3820 Mosen,
933 3755 997 3810 dein
1018 3756 1060 3808 bia
1081 3757 1195 3819 Moyses.

240 3857 281 3908 28.
298 3853 346 3906 red
364 3855 417 3908 sibi
437 3866 467 3906 ut
483 3848 549 3906 duci
567 3854 679 3906 caelesti
698 3853 864 3923 Oberlinus:
893 3851 936 3904 Ma
954 3865 980 3904 et
998 3851 1102 3904 sibimet
1126 3849 1194 3902 duce

169 3947 264 4001 celesti
274 3985 281 4010 ‚
300 3948 324 3999 G
345 3946 437 3996 etalii
456 3943 503 3997 sed
518 3946 623 3998 sibimet
640 3959 670 3998 ut
687 3943 753 3998 duci
772 3944 889 4000 caelent
911 3974 942 3984 -
961 3941 1077 3996 Medicei
1095 3955 1119 4015 et
1144 3957 1192 4008 pro

169 4038 216 4090 red
232 4055 264 4090 ex
281 4038 384 4106 vulgari
404 4039 533 4106 scriptura
552 4051 591 4091 set
612 4047 700 4090 ortum
730 4039 873 4104 cristinam
899 4037 1004 4091 sibimet
1031 4042 1191 4108 itajuatum
1221 4101 1223 4106 Ι
