2890 4728
231 417 295 482 330
323 417 329 427 '
617 407 857 470 AGRICOLAB

227 615 265 654 ac
283 592 310 651 ai
328 593 429 651 virtus
448 591 633 650 uacitnnm
654 604 685 652 et
704 593 836 651 Romani
857 591 986 650 nominis
1006 588 1103 669 gioria
1132 599 1256 668 patere-

228 707 296 774 tur,
325 699 466 759 iuventus
484 698 515 757 iu
535 698 602 780 ipsa
624 699 785 760 Britannia
812 700 971 758 terminus.
1013 696 1090 754 iiam
1111 694 1201 755 Clota
1224 708 1258 754 et

227 803 373 866 Bodotria
398 806 509 868 diversi
543 810 639 869 maria
664 809 796 868 aestibus
823 828 881 888 per
906 807 1088 866 immensum
1117 815 1260 864 murtae

228 921 356 991 augusto
373 923 530 974 terrarum
550 918 651 996 spatio
683 913 885 974 dirimuntur.
928 912 1021 989 Quod
1048 923 1116 972 tum
1139 913 1259 991 praesi-

228 1016 286 1076 diis
312 1018 508 1098 firmabatnr3
543 1031 633 1102 atque
667 1020 768 1080 omnis
803 1021 930 1100 propior
965 1014 1051 1076 ainus
1083 1016 1293 1093 tenebatur,5
1390 1071 1391 1094 ἶ

228 1125 387 1186 summotis
407 1126 491 1186 veut
510 1126 542 1186 n
564 1127 655 1188 unm
674 1128 804 1188 insulam
825 1125 975 1186 rosanus.
1390 1109 1391 1190 i

72 1227 219 1303 (2⁰1835)
312 1233 429 1308 Quinto
450 1235 676 1315 expeditionum
704 1254 786 1294 auno
818 1253 896 1294 nare
925 1231 1025 1312 prima
1055 1223 1327 1311 transgressusssd
1390 1193 1391 1286 i

229 1337 352 1418 ignotas
376 1337 417 1398 ad
453 1339 486 1400 id
507 1352 629 1422 ternpus
654 1352 759 1422 gentes
785 1339 900 1400 crebris
927 1334 1017 1398 simul
1041 1356 1078 1394 ae
1104 1339 1261 1417 promeris
1390 1327 1391 1400 i

228 1443 355 1526 praeliis
373 1443 515 1523 domnit;
535 1467 664 1526 eamque
681 1457 803 1527 partun
828 1447 1000 1505 Britanniae
1033 1463 1112 1524 quae
1144 1443 1260 1502 Hiber.

229 1555 313 1612 uiam
333 1553 440 1634 aspicit
458 1552 553 1632 copiis
572 1554 726 1629 instruxit,
747 1555 780 1612 in
799 1574 883 1634 spem
903 1553 998 1633 magis
1016 1571 1108 1630 quam
1128 1551 1169 1611 ob
1189 1551 1259 1611 fur.
1272 1575 1310 1614 ro

229 1659 554 1742 midiuem,aiquide1n
572 1661 718 1722 Hibernia
740 1661 841 1722 medio
861 1663 943 1723 inter
953 1659 1143 1722 Britanniam
1166 1667 1261 1738 atque

233 1766 411 1846 Hispaniam
432 1767 490 1826 uita
512 1777 545 1827 et
564 1766 681 1828 Gaiiico
702 1788 827 1851 quoque
845 1769 926 1827 mari
955 1776 1135 1848 opportuna·
1152 1763 1259 1826 valen-

232 1873 379 1934 tissimam
400 1872 521 1953 imperii
541 1883 660 1954 partem
681 1876 798 1957 magnis
816 1874 849 1935 in
870 1875 966 1935 vicem
999 1873 1104 1934 usibus
1130 1875 1260 1934 miscue-

232 1981 286 2054 rit.
327 1978 466 2058 Spatium
485 1977 566 2050 eius,
589 1979 615 2038 si
639 1979 812 2038 Britanniae
840 1989 1058 2059 comparetur,
1089 1982 1257 2061 augustius,

231 2087 331 2146 nostri
350 2085 442 2146 maris
462 2084 575 2146 insulas
594 2095 729 2166 superat.
769 2084 875 2146 Solum
893 2087 1070 2168 malumque
1089 2097 1122 2148 et
1140 2089 1258 2167 ingenia
1271 2091 1308 2151 15

232 2194 392 2277 cultusque
429 2193 587 2256 bominum
626 2193 710 2262 band
751 2196 881 2254 muitum
924 2216 943 2254 a
970 2195 1128 2254 Britannia
1169 2193 1260 2254 diffe.

233 2309 319 2360 runt.
370 2301 406 2359 ln
439 2325 460 2360 a
479 2321 499 2356 a
520 2320 540 2355 a
566 2298 676 2361 melion
700 2299 802 2360 aditus
825 2308 992 2380 portusque
1024 2325 1082 2381 per
1111 2323 1260 2363 commer-

234 2409 281 2469 cia
302 2417 334 2468 et
353 2407 555 2488 negotiatores
584 2407 710 2489 cogniti.
762 2407 901 2489 Agricola
931 2408 1086 2489 expulsum
1113 2409 1260 2472 seditione

235 2514 401 2576 domestica
415 2533 512 2573 uuum
523 2533 560 2573 er
580 2515 689 2594 regulis
698 2518 796 2595 gentis
815 2523 990 2594 exceperat,
1010 2525 1042 2576 et
1062 2517 1164 2596 specie
1182 2515 1259 2575 arui·

236 2623 325 2684 citiae
346 2623 378 2681 in
388 2621 576 2682 occasionem
595 2621 754 2682 retinebat
795 2623 892 2704 Saepe
912 2643 949 2683 er
967 2645 1004 2686 co
1023 2623 1125 2686 audivi
1144 2624 1260 2706 legione
1268 2648 1308 2690 uo

308 2877 349 2917 ta.
367 2859 559 2914 Valerrtirrimu
579 2863 689 2934 imperii
702 2880 770 2933 para
793 2871 835 2914 est
851 2863 990 2916 Britannia
1019 2871 1048 2915 et
1064 2862 1155 2915 Gallia
1177 2871 1260 2932 atque

237 2956 383 3028 Hirpauia,
399 2963 543 3026 propterea
564 2957 638 3027 qnod
656 2958 686 3010 iu
705 2957 750 3008 hir
767 2958 846 3009 terris
874 2958 1015 3012 fortissimi
1042 2957 1144 3008 militer
1168 2973 1260 3008 nasce-

237 3053 344 3106 bantur.
380 3052 457 3104 eous.
474 3054 508 3112 fl.
527 3055 575 3116 111,
587 3055 628 3106 53.
646 3053 695 3105 ubi
712 3053 819 3106 Gallias
833 3053 1046 3124 Hispaniasque,
1061 3051 1260 3105 validissimam

237 3162 376 3204 terrarum
389 3161 503 3220 partem.

310 3245 349 3296 16.
366 3242 466 3314 drffirt.
485 3242 516 3293 in
530 3244 626 3296 metius
635 3241 728 3294 aditus
738 3242 778 3293 Va
794 3241 836 3294 Vb
849 3249 877 3294 et
883 3243 1013 3313 antiquae
1025 3239 1169 3302 editiones,
1182 3239 1258 3309 drffe-
1287 3295 1291 3304 ,

238 3349 311 3390 runt.
328 3339 425 3392 melius
442 3335 533 3390 aditus
551 3338 668 3389 coniecit
685 3336 849 3400 Rhenanus,
865 3337 1013 3408 differunt,
1042 3353 1091 3388 nce
1110 3337 1141 3386 in
1157 3336 1257 3386 meiius.

238 3427 332 3482 aditus
347 3431 494 3484 Acidaliur.
515 3460 546 3472 -
561 3431 693 3506 Lacunam
714 3449 793 3502 quarn
813 3432 930 3485 indicavi
950 3435 989 3484 uic
1007 3433 1063 3482 iere
1084 3429 1258 3498 supplendam

239 3540 299 3576 erre
317 3525 450 3586 arbitror:
476 3530 615 3581 interiora
631 3545 729 3596 parum
758 3531 918 3598 explorato,
943 3527 1038 3580 melius
1064 3532 1114 3576 cet.
1148 3520 1259 3572 Rothiur

239 3618 347 3687 acripait
361 3618 492 3691 dtffemn
510 3624 541 3673 in
560 3624 670 3689 metim,
693 3620 784 3674 aditus
801 3630 852 3676 cet.
890 3621 943 3674 Sed
957 3624 1045 3672 rolum
1064 3619 1224 3684 caelumque
1233 3624 1260 3665 et

239 3713 349 3784 ingenia
369 3715 512 3786 cultusque
531 3717 671 3767 hominum
698 3718 727 3767 in
744 3717 875 3767 Hibernia
896 3714 985 3766 'i'aeiti
1010 3720 1099 3763 aetate
1116 3712 1258 3799 ¹aliquantu

239 3807 455 3864 meliorantur
473 3829 551 3879 quam
575 3815 603 3862 in
623 3813 760 3862 Britannia
774 3813 834 3882 quis
851 3811 959 3864 credat?
977 3811 1116 3860 Praeterea
1129 3809 1257 3858 incertum

135 3903 140 3908 “
241 3913 297 3968 ert,
315 3920 350 3955 an
367 3903 480 3974 difflrre
500 3910 531 3956 in
548 3911 641 3957 metius
659 3907 747 3956 dicere
769 3907 863 3955 Latine
883 3908 980 3970 liceat,
1005 3913 1077 3955 certe
1094 3911 1155 3972 post
1183 3898 1257 3952 inuti

240 4000 351 4052 mummi
367 3997 496 4068 differunt
514 3999 636 4052 additum
653 4017 684 4052 ac
701 4005 880 4070 postpositum
901 4002 932 4050 in
950 3999 1047 4051 metim
1065 3997 1185 4052 offendit.
