2914 4724
572 421 816 486 parentato.
863 405 866 416 ’
1143 413 1211 482 ru,

183 609 220 664 Pi
289 605 362 678 ¹697·
380 606 464 662 iorrna
481 606 607 660 maxima.
641 603 783 658 Puteolani
802 599 937 654 editiones
954 597 1064 650 nonnisi
1084 595 1211 648 correctis

280 700 399 754 illstisve
426 699 500 754 vitils
524 702 597 752 inter
615 714 643 750 se
659 697 807 760 differunt,
830 692 979 764 eademque
998 707 1089 742 earum
1110 699 1152 744 est
1170 707 1212 742 ra-

223 833 227 852 .
281 797 340 858 tio,
364 808 431 864 quas
459 791 586 862 deinceps
607 788 777 844 excudendas
798 792 959 839 curaverunt
977 783 1070 834 Rivius
1091 783 1215 836 Venetiis

184 871 284 944 arbua
304 906 346 954 a.,
377 887 525 944 Beroaldus
552 889 650 950 Romae
677 902 700 936 a.
731 885 805 940 1515.
836 899 880 944 a..
909 881 1030 934 Aleiutus
1048 876 1169 948 Bapileae
1187 891 1210 926 a.
1272 855 1276 879 ⁶

187 987 259 1053 1519.
278 1003 303 1040 a.
338 983 435 1048 Liber,
453 1000 535 1053 quern
555 982 688 1048 expressit
704 977 876 1038 Puteolanus,
894 991 1049 1046 quanquam
1069 988 1124 1026 uon
1142 970 1214 1030 adeo

182 1077 302 1145 sipccrus
321 1087 350 1130 et
366 1078 481 1148 integer,
500 1075 524 1126 si
544 1073 641 1124 ceteris
651 1069 789 1137 Agricolae
806 1066 943 1120 codicibus
962 1073 1147 1137 comparatur,
1166 1081 1215 1118 er-

184 1172 271 1234 eellit,
288 1171 408 1239 ideoque
431 1165 581 1220 cavendum
595 1172 636 1216 est
647 1162 751 1224 sedulo,
769 1168 800 1212 ut
816 1176 853 1214 ns
872 1160 1082 1212 membranis-et
1102 1155 1212 1220 obortis,

184 1281 256 1332 quac
272 1271 369 1332 postea
386 1263 503 1316 collatae
516 1266 580 1312 suat
598 1259 751 1326 satiassepc
769 1255 948 1332 ¹inquinatae,
967 1255 1039 1306 iusto
1071 1254 1132 1321 plus
1162 1253 1213 1304 tri·

188 1357 211 1417 U
265 1355 398 1420 bucinus,
429 1359 605 1408 sputantem
635 1347 736 1402 haece:
764 1347 850 1405 auden
878 1347 966 1400 Fulvii
999 1345 1105 1408 Ursini,
1135 1345 1214 1398 cuius
1273 1407 1276 1412 Ι

242 1429 245 1434 .
271 1450 380 1520 aliquot
407 1449 537 1501 lectiones
553 1444 643 1508 ,variae
660 1449 788 1498 enotatac
806 1450 912 1495 exstant
929 1443 958 1492 in
976 1441 1148 1511 Prugmeotis
1166 1431 1217 1493 ue·

268 1558 355 1600 terum
371 1543 566 1598 turonicorum
583 1542 688 1594 collect.
714 1539 749 1596 ub
770 1541 831 1592 dut.
849 1539 1014 1607 Augustino,
1041 1535 1174 1594 emendat.
1193 1555 1212 1590 o

145 1650 153 1672 ¹
181 1639 222 1690 Va
246 1622 249 1627 ⁵
270 1637 301 1690 F.
319 1635 349 1686 U.
385 1638 519 1708 Autuerp.
547 1634 619 1706 1595.
639 1636 682 1704 8.;
701 1632 786 1686 codex
803 1631 951 1684 Vaticanus
969 1649 994 1682 n.
1020 1631 1099 1700 4498.
1132 1645 1217 1682 meua-

267 1729 393 1792 braneus,
410 1730 589 1792 saeculiliV,
607 1728 680 1780 unde
698 1725 844 1782 nonnullas
862 1723 993 1776 lectiones
1005 1727 1216 1795 excerpsitBro-

182 1825 225 1878 Vb
271 1826 370 1889 terius;
391 1824 477 1878 codex
497 1823 648 1875 Vaticanus
675 1839 701 1874 n.
720 1821 813 1890 3429„
844 1821 909 1894 olim
937 1820 1028 1874 Fulvii
1050 1821 1157 1884 Ursini,
1186 1821 1215 1872 in

267 1917 358 1970 charta
377 1918 491 1986 scriptos
510 1934 527 1968 a
545 1917 697 1987 Pomponio
727 1915 811 1968 Laeto
839 1913 919 1984 (saec.
944 1913 1028 1984 XV.)‚
1058 1913 1172 1968 collatus
1201 1930 1224 1966 a.

270 2011 395 2066 Broterio
420 2018 448 2062 ct
479 2025 567 2079 nuper
598 2009 682 2080 paulo
717 2005 877 2078 diligentius
913 2024 929 2058 a
959 2007 1144 2078 Maggioraniu
1188 2008 1218 2059 in

272 2122 349 2158 usum
368 2099 492 2156 Dronkii.
528 2101 605 2154 Libri
625 2119 693 2174 quos
711 2101 798 2172 primo
816 2097 979 2152 sesecundo
1001 2100 1060 2152 loco
1078 2099 1218 2151 nominavi

273 2203 449 2250 evanuerunt
486 2196 515 2246 st
532 2213 602 2264 quse
620 2196 743 2250 codicum
775 2204 858 2248 notae
887 2193 1052 2260 lectionibus
1079 2180 1219 2248 subiectae

273 2290 349 2342 ulicis
367 2289 488 2344 inclusae
510 2294 574 2340 siant
591 2287 696 2356 hisce(
729 2290 755 2358 ),
772 2285 903 2338 iudicium
925 2291 966 2336 est
984 2284 1114 2338 lectiones
1134 2301 1218 2356 appo·

271 2386 337 2438 sitas
360 2399 415 2436 non
441 2383 537 2449 afferri·
557 2381 718 2434 nominatim
744 2395 778 2432 ex
798 2378 923 2432 indicatis
945 2378 1042 2442 libris,
1070 2379 1118 2434 aed
1139 2380 1221 2452 iniis

270 2478 459 2532 uerisimiliter
477 2469 603 2530 inveniri.
640 2473 795 2544 Scripturas
817 2475 1005 2544 compendium
1034 2475 1078 2528 rt
1107 2473 1221 2541 denotat

185 2569 230 2624 tt
273 2566 400 2637 antiquas
420 2561 564 2617 editiones.
600 2563 631 2618 ln
650 2565 762 2636 Dialcgo
783 2567 997 2634 recognoscendo
1018 2569 1138 2622 codicem
1154 2571 1218 2622 Far·
1308 2595 1312 2602 ·

185 2665 327 2718 nerianum
347 2661 391 2734 (F)
411 2655 607 2730 praeeuntibus
625 2657 687 2719 aliis
704 2667 794 2712 textus
812 2659 995 2716 constituendi
1014 2663 1219 2716 fundamentum

187 2760 283 2830 posui,
301 2762 442 2824 corruptae
461 2756 519 2806 eius
535 2754 683 2824 scripturae
702 2754 731 2806 in
751 2757 872 2824 margine
904 2756 1034 2810 inferiore
1059 2775 1220 2832 commemo-

189 2858 296 2915 rantur,
323 2849 429 2905 omissis
448 2856 537 2902 tamen
555 2847 711 2916 usslgaribus
732 2849 825 2913 calami
844 2848 998 2910 erroribus,
1024 2851 1072 2919 qui
1099 2866 1132 2903 ex
1152 2849 1219 2902 uet-

188 2945 248 2999 leri
281 2954 309 2998 st
327 2944 461 3000 Waltberi
479 2931 647 2996 editionibus
672 2945 795 3014 cognosci
825 2953 947 3014 possunt.
983 2945 1011 2996 Si
1041 2945 1217 2997 Farncsisnus

190 3048 332 3106 corruptus
350 3047 422 3101 erat,
442 3056 456 3090 a
474 3037 612 3092 codicibus
630 3037 785 3104 Vaticanis,
810 3055 878 3108 quos
897 3040 1033 3092 Broterius
1057 3039 1170 3107 carptim
1193 3042 1222 3112 et

189 3135 357 3204 negligenter
375 3135 528 3204 excerpsit,
554 3135 597 3185 vel
614 3135 648 3185 ab
674 3135 869 3206 antiquissimis
893 3116 1062 3188 editionibus
1086 3131 1218 3182 auxilium

120 3293 122 3300 y
189 3229 290 3296 petivi:
310 3230 352 3282 sin
370 3228 714 3298 auxiliumdenegaretur,
743 3231 910 3284 coniecturas
938 3231 1053 3284 aliorum
1076 3227 1118 3279 vel
1146 3242 1219 3304 ruens

189 3319 288 3388 recepi.
321 3319 405 3372 Libro
423 3321 588 3374 i'arnesiano
615 3323 745 3374 anslvio
772 3321 869 3374 Ursino
893 3320 946 3374 sibi
976 3322 1069 3372 oblato
1100 3321 1216 3390 primum

191 3431 254 3467 usus
276 3420 318 3466 eat
335 3415 460 3486 Lipsius,
490 3430 578 3486 eoque
596 3415 744 3468 instructus
762 3417 897 3487 permulta
925 3417 1045 3486 priorum
1067 3415 1217 3466 editionum

189 3513 256 3564 vitia
279 3512 392 3564 removit
408 3527 439 3562 ac
456 3509 547 3582 plures
566 3527 712 3582 paucorum
729 3511 872 3566 verborum
891 3511 982 3566 hiatus
1002 3511 1130 3580 explevit.
1163 3511 1216 3562 Sed

191 3608 316 3674 Lipsius,
329 3618 407 3676 'quac
425 3615 484 3659 erat
504 3608 578 3658 illius
593 3609 690 3660 aetalia
709 3610 738 3662 io
756 3608 920 3663 adhibendis
938 3605 1077 3658 codicibus
1104 3622 1217 3658 consuc-

191 3698 273 3759 tudo,
293 3697 350 3749 ferc
372 3717 416 3752 eas
436 3701 623 3778 tautummodo
642 3701 773 3752 lectiones
794 3702 857 3754 inde
872 3701 978 3763 attolit,
999 3701 1098 3772 quibus
1117 3709 1217 3753 cer-tam

191 3791 407 3845 emendationem
426 3792 551 3862 praeberi
569 3799 617 3842 aut
636 3793 788 3846 donlirmari
811 3792 930 3864 putabat.
966 3794 1032 3846 lude
1053 3795 1152 3845 iactum
1167 3802 1217 3855 est,

192 3888 265 3956 quod
284 3889 430 3940 nonnullas
449 3881 604 3941 Farocsiaui
621 3889 767 3958 scripturas
786 3904 855 3958 quae
874 3889 939 3942 item
958 3905 1035 3944 verae
1052 3898 1133 3950 sunt,
1152 3889 1218 3939 alias

189 3981 225 4034 ad
242 3985 382 4039 ueritatem
401 3984 523 4054 proxime
539 3984 698 4040 accedentes
718 3983 829 4038 silentio
850 3985 1009 4041 tramiserit.
1045 3985 1140 4054 itaque
1152 3998 1217 4052 ope·
