2914 4724
244 435 284 498 tr
605 430 895 494 uteroatanuu
942 456 947 466 ·

84 619 114 690 (e
130 610 348 692 0.·bo)Clndio
369 613 475 676 Macro
495 618 639 672 contenta
658 609 860 693 qualicunque
893 607 1029 692 principe
1053 617 1123 691 post
1149 607 1267 690 experi-

240 729 379 780 mentum
400 716 517 780 domlni
539 715 676 777 minoris.
719 716 806 776 Duae
825 717 1028 778 Mauritaniae
1050 715 1157 776 Raetia
1177 715 1270 778 Nori·

238 845 311 886 cnm
335 823 469 884 Thracia
488 834 518 884 et
535 843 614 905 quae
634 819 710 884 aliae
731 821 984 903 procuratoribus
1006 821 1214 898 cohibentur,
1235 831 1270 880 ut

239 933 351 1012 cuique
371 929 516 992 exercitui
537 930 678 1007 vicinae,
715 930 757 988 ita
780 928 811 988 in
832 927 969 990 savorem
989 938 1042 990 aut
1058 927 1164 994 odium
1195 949 1268 992 coo·

239 1049 322 1100 tactu
344 1039 542 1100 valentiorum
572 1037 750 1119 agebantur.
792 1037 930 1100 locrmes
961 1037 1143 1119 provinciae
1178 1031 1299 1118 atque5

240 1150 305 1228 ipsa
326 1146 356 1206 io
378 1146 484 1228 primis
506 1146 615 1226 ltalia,
637 1147 810 1228 cuicunque
828 1149 957 1208 servitio
978 1147 1128 1228 exposite,
1149 1147 1180 1206 in
1197 1165 1269 1226 prc-

239 1255 316 1316 tiutn
336 1249 408 1313 belli
420 1271 558 1312 cessurae
576 1259 672 1312 erent
716 1251 774 1310 Hic
794 1250 853 1312 luit
871 1247 1272 1314 rerumRomann·run1sta-'

239 1370 312 1434 tos,
344 1379 414 1421 com
447 1358 571 1419 Servios
604 1355 702 1418 Galba
722 1360 851 1418 *iterum
875 1357 965 1418 Titus
994 1359 1105 1422 Vinius
1131 1356 1271 1420 consules

240 1467 424 1528 inchoavere
444 1452 635 1526 annum'eibi
657 1461 818 1540 ultimum,
850 1462 895 1524 rei
922 1461 1062 1545 publicae
1092 1486 1184 1548 prope
1216 1485 1272 1526 eu.

240 1595 387 1660 premam.
800 1599 802 1604 ·
1284 1599 1323 1640 ro

321 1683 433 1744 Paucis
460 1691 529 1764 post
556 1679 697 1742 calendas
721 1681 875 1742 lanuarias
906 1679 1015 1744 diebus
1035 1679 1175 1762 Pompeii
1195 1679 1270 1742 Pro·
1285 1674 1338 1758 lQ

240 1790 347 1873 pinqui
368 1788 574 1871 procuratoris
594 1809 610 1848 e
631 1786 753 1870 Belgica
773 1787 894 1850 litterae
914 1785 1100 1864 afferuntur,
1137 1791 1271 1870 superio-

241 1899 285 1960 ris
304 1895 485 1960 Germaniae
507 1895 642 1978 legiones
661 1907 750 1978 rupte
771 1897 955 1956 sacramenti
973 1896 1141 1956 reverentia
1172 1897 1271 1979 impe-

242 2015 375 2066 ratorem
396 2001 489 2064 aliurn
511 2001 667 2085 flagitare,
688 2002 858 2064 etsensim
881 2021 916 2062 ec
937 2002 1049 2083 populo
1068 2002 1209 2066 Romano
1220 2027 1270 2066 ar·
1375 2033 1378 2038 ·
1442 2035 1444 2070 ε

240 2111 368 2180 bitrium
390 2108 520 2192 eligendi
538 2110 737 2190 permittere5
755 2129 820 2190 quo
842 2107 952 2170 seditio
971 2107 1095 2170 mollius
1118 2115 1322 2194 accipere-pb

239 2232 303 2282 tur.
344 2217 514 2279 Moturevit
535 2235 571 2278 ea
592 2236 642 2276 ree
663 2213 826 2276 consilium
847 2213 964 2276 Galbae
992 2218 1055 2276 iam
1082 2216 1202 2298 pridem
1231 2217 1271 2280 de

243 2325 409 2407 adoptione
444 2331 607 2416 secum'et
634 2341 705 2382 cum
734 2322 876 2404 proximis
904 2322 1057 2403 agitantis.
1100 2324 1170 2386 Non
1199 2347 1274 2388 sane

189 2437 193 2446 '
243 2433 382 2496 crebrior
403 2440 468 2492 tota
487 2430 609 2491 civitate
629 2449 731 2490 sermo
753 2449 808 2510 per
836 2428 904 2490 illos
925 2451 1039 2490 menses
1060 2432 1174 2504 suerat,
1204 2433 1271 2513 pri·
1442 2497 1443 2510 χ

194 2560 196 2568 ’
244 2561 329 2601 mum
349 2539 472 2598 licentia
490 2557 526 2596 ac
543 2535 668 2616 libidine
698 2535 771 2594 talia
803 2535 966 2618 loquendi,
997 2537 1067 2598 dein
1100 2537 1178 2600 sessa
1210 2543 1271 2600 iam
1441 2537 1443 2606 l

245 2655 345 2710 aetate
365 2644 492 2706 Galbae.
534 2643 643 2704 Peneis
664 2642 810 2704 indicium
845 2656 898 2704 ant
926 2643 1134 2729 reipublicae
1160 2667 1324 2716 anaorzro
1440 2633 1442 2654 ¹

243 2751 332 2816 multi
350 2752 443 2816 stulta
463 2773 537 2832 spe,
556 2760 648 2832 prout
669 2751 736 2834 quis
758 2753 870 2812 amicus
893 2752 942 2812 vel
970 2751 1081 2822 cliens,
1117 2753 1201 2817 hunc
1221 2759 1270 2817 vel

245 2862 333 2926 illum
356 2860 519 2922 ambitiosis
537 2861 711 2925 rumoribus
731 2858 932 2938 destinabant,
954 2861 1046 2922 etiarn
1066 2863 1098 2922 io
1109 2861 1172 2923 Titi
1185 2862 1271 2926 Vinii

245 3016 542 3036 m

246 3107 289 3161 bis
306 3119 435 3160 cernente
451 3110 637 3182 qualicunque
654 3111 781 3181 principe
794 3123 857 3180 porr
872 3112 1084 3180 experimentum
1101 3113 1207 3166 domini
1217 3119 1270 3170 nri-

246 3203 325 3254 norie
342 3206 499 3261 coenatur,
517 3199 617 3254 idaco
635 3202 689 3254 niei
709 3203 742 3254 de
762 3195 977 3272 provincialibus
995 3214 1059 3276 apte
1077 3205 1133 3258 dici
1161 3216 1270 3276 potenti

245 3296 289 3348 illi
306 3298 379 3348 enim
396 3293 581 3350 crudelitatem
602 3295 693 3350 Clodii
711 3297 796 3350 Macri
813 3308 969 3361 senserant,
995 3300 1096 3352 milites
1123 3303 1271 3356 andeliu-

246 3393 288 3444 iir
300 3369 359 3444 cini
379 3394 558 3444 instrumenta
577 3409 632 3444 non
650 3392 735 3459 itanu
764 3393 884 3465 deniqne
902 3400 1037 3448 structura
1060 3395 1202 3450 verborum
1223 3413 1271 3448 re-

245 3492 323 3536 rento
340 3482 526 3540 additamento
548 3487 679 3554 impediti
699 3495 748 3540 eet.
782 3487 839 3558 Qui
865 3489 933 3542 baec
959 3493 1124 3560 interposuit
1149 3494 1270 3561 respexit

247 3581 344 3648 capitis
365 3597 402 3634 ro.
424 3581 533 3634 initium
550 3586 579 3632 ei
595 3595 634 3634 rr.
651 3585 799 3652 Aegypton
816 3586 963 3654 copiaeque
978 3584 1077 3657 quibus
1090 3597 1272 3646 coerceretur.

233 3749 236 3754 Ι
316 3685 359 3726 21.
374 3673 469 3724 militis
489 3673 562 3728 culto
577 3672 632 3724 Ma:
657 3675 736 3729 nani
753 3675 837 3728 stolia
857 3675 1018 3779 WaQerus.

316 3779 358 3817 υ.
376 3765 524 3821 ambitiosis
540 3768 650 3838 Lipsiae
668 3774 696 3820 et
712 3771 750 3822 b:
777 3769 995 3822 inridentem·
1029 3786 1089 3822 con
1108 3773 1215 3826 ceteris·
1233 3803 1269 3816 -·

244 3859 384 3914 ambitiosi
403 3877 521 3914 rumores
538 3861 618 3928 euni,
637 3862 737 3935 quibos
755 3865 802 3937 qai
823 3880 870 3916 eos
889 3864 1052 3935 spargebant
1068 3867 1179 3936 gratiam
1199 3871 1267 3920 arni·

247 3971 338 4006 corum
357 3953 402 4004 rel
419 3961 606 4026 patronorum,
627 3957 747 4036 quoepd
765 3949 896 4012 adruinum
922 3959 1058 4036 fastigium
1088 3961 1268 4026 destinarent,

247 4051 300 4104 ribi
316 4057 485 4128 quaererent·
521 4051 566 4105 lili
584 4054 747 4184 ilpiiureon
767 4054 844 4111 nollo
864 4056 968 4112 iudicio
994 4058 1040 4115 vel
1062 4046 1266 4128 indignissimos
