2886 4726
223 455 284 521 ne
580 445 870 507 arsronnnun

15 627 16 698 ]
66 647 89 695 'a
107 643 135 695 C.
152 646 208 716 69.)
223 631 380 710 praelectis
402 621 539 690 statima'
559 627 685 687 Vitellio
705 626 891 684 desciscunt:
912 634 998 683 vetus
1019 619 1104 680 miles
1122 629 1249 678 cuncta·

15 715 16 730 l
221 740 322 797 batur.
365 733 427 794 Sed
444 733 582 813 adigente
603 731 779 790 Hordeonio
799 729 922 799 Flacco,
943 729 1126 788 instantibus
1150 727 1247 784 trihu·

220 847 289 920 nis,
309 843 384 902 dixit
406 849 639 913 sacramentum,
661 857 721 895 non
744 835 833 893 voltu
856 855 953 915 neque
962 835 1068 894 animo
1083 837 1154 894 satis
1164 833 1250 890 affir-

219 971 327 1026 maus3
348 959 379 1010 et
398 969 469 1007 cum
487 958 586 1006 cetera
609 943 805 1004 iurisiurandi
825 943 919 1002 verba
937 943 1154 1022 conciperent,
1181 939 1247 998 Ve-
1300 961 1306 972 ·

166 1114 172 1132 ,
222 1058 354 1140 spasiaui
373 1075 485 1115 nornen
504 1052 689 1112 haesitantes
709 1062 761 1109 aut
780 1050 839 1108 levi
852 1071 1008 1110 murmure
1023 1046 1277 1133 etplerumque5

219 1167 338 1226 silentio
355 1162 613 1224 transmittebant.
655 1163 764 1220 Lectae
785 1161 895 1220 deinde
921 1181 978 1241 pro
1008 1160 1156 1218 concione
1181 1153 1246 1236 epi·
1257 1171 1316 1252 32

217 1271 314 1333 stolae
344 1271 474 1330 Antonii
502 1267 542 1328 ad
564 1268 692 1328 Civilem
715 1269 898 1369 suspiciones
920 1267 1053 1326 militum
1074 1264 1246 1338 irritarem,

217 1390 362 1459 tauquam
384 1375 424 1434 ad
446 1375 559 1434 socium
570 1377 703 1454 partium
717 1372 848 1454 scriptae
866 1374 944 1433 etde
958 1372 1141 1432 Germanico
1162 1389 1246 1430 exer-

219 1487 282 1543 citu
305 1481 465 1541 hostiliter.
518 1481 590 1540 hlor
619 1479 727 1539 adlatis
752 1479 924 1541 Geldubam
946 1481 977 1538 iu
1004 1489 1104 1548 castra
1131 1477 1246 1536 nuntiis

219 1589 324 1650 eadem
343 1588 423 1648 dicta
444 1589 602 1666 iactaque,
631 1597 661 1646 et
683 1577 793 1647 missus
813 1608 884 1647 cum
905 1585 1054 1646 mandatis
1075 1587 1246 1644 'Montanus
1259 1613 1296 1653 ιο

219 1697 257 1757 ad
282 1694 427 1766 Civilem,
462 1708 496 1756 ut
523 1696 681 1756 absisteret
706 1693 787 1754 hello
813 1715 890 1780 neve
910 1705 1033 1755 externa
1052 1695 1145 1754 armis
1166 1693 1248 1754 falsis

218 1803 352 1864 velaret:
377 1803 403 1862 si
416 1804 635 1884 Vespasianum
652 1803 757 1862 iurare
774 1801 934 1882 adgressus
947 1801 1038 1874 foret,
1060 1799 1248 1860 satisfactum

220 1910 345 1991 coeptis.
388 1909 437 1968 Ad
461 1931 497 1970 ea
517 1909 623 1969 Civilis
638 1909 738 1990 primo
759 1908 890 1969 callide:
913 1921 983 1989 post
1002 1907 1056 1966 uhi
1069 1907 1248 1966 videtMonx

218 2025 326 2076 tanum
345 2015 554 2096 praeferocem
574 2017 696 2095 ingenio
715 2025 917 2096 paratumque
937 2017 969 2074 iu
993 2035 1042 2074 res
1066 2035 1170 2086 novas,
1192 2034 1246 2073 or-

218 2146 266 2184 sus
290 2147 306 2183 a
319 2135 426 2206 questu
446 2121 658 2202 periculisque,
681 2144 759 2204 quae
771 2144 827 2203 per
838 2122 975 2203 quinque
988 2133 1018 2182 et
1030 2122 1138 2203 viginti
1151 2143 1247 2185 anuos
1261 2130 1298 2190 15

218 2232 250 2290 in
273 2232 378 2290 eastris
400 2231 542 2289 Romanis
574 2230 774 2302 exhausisset,
807 2231 1009 2313 „egregium“
1029 2230 1129 2311 inquit
1153 2251 1246 2312 „pre-

218 2341 292 2396 tium
315 2333 455 2394 laborum
484 2338 602 2417 recepi,
637 2359 745 2398 necem
772 2339 875 2398 fratris
903 2346 935 2396 et
955 2335 1090 2402 ,vincula
1117 2359 1184 2397 mea
1212 2349 1244 2398 et

217 2443 403 2503 saevissimas
435 2441 524 2505 huius
546 2445 693 2503 exereitus
712 2465 819 2520 voees,
851 2445 960 2524 quibus
991 2443 1032 2502 ad
1061 2443 1245 2526 supplicium

217 2550 331 2632 petitus
352 2549 419 2608 iure
438 2551 570 2627 gentium
593 2570 706 2628 poenas
726 2569 866 2629 reposco.
909 2551 974 2610 Vos
997 2562 1097 2612 autem
1116 2552 1244 2612 Treveri

219 2668 396 2734 ceteraeque
412 2657 611 2714 servientium
631 2659 772 2730 animae,
800 2656 881 2736 qnod
894 2659 1063 2738 praemium
1085 2659 1170 2720 effusi
1195 2669 1244 2720 to-
1255 2691 1300 2732 20

217 2764 293 2822 tiens
316 2762 470 2842 sauguinis
493 2763 666 2841 exspectatis
685 2764 742 2822 nisi
760 2766 914 2843 ingratam
935 2766 1095 2846 militiam,
1115 2769 1245 2828 immor-

217 2867 290 2928 talia
309 2868 442 2936 tributa,
474 2868 577 2949 virgas
603 2889 722 2930 secures
750 2879 782 2929 et
801 2870 996 2956 dominorum
1025 2877 1170 2956 ingenia?
1202 2895 1243 2934 eu

218 2997 273 3052 ego
292 2976 461 3057 praefectus
483 2978 575 3035 unius
601 2975 735 3036 cohortis
763 2989 792 3037 et
823 2979 1035 3042 Canninefates
1063 2985 1241 3064 Batavique,
1295 3047 1299 3054 ,

217 3083 324 3162 exigua
348 3082 515 3144 Galliarum
535 3083 657 3164 portio,
694 3105 772 3146 vana
803 3085 854 3146 illa
873 3101 1041 3148 castrorum
1071 3093 1168 3170 spatia
1191 3111 1244 3150 ex·

217 3187 366 3261 cidimus,
397 3187 448 3247 vel
477 3198 561 3269 septa
590 3188 671 3250 ferro
700 3190 840 3274 fameque
870 3197 1042 3274 premimus.
1098 3196 1242 3280 Denique
1254 3201 1295 3266 25

108 3367 115 3386 .
217 3313 307 3353 ausos
324 3304 377 3353 aut
395 3292 520 3355 libertas
540 3307 700 3378 sequetur,
729 3310 781 3359 aut
802 3301 875 3361 vieti
895 3299 988 3362 iidem
1009 3301 1163 3368 erimus.“
1189 3305 1242 3366 Sic

218 3419 396 3480 accensum,
425 3401 477 3463 sed
504 3402 643 3464 molliora
664 3406 777 3468 referre
795 3409 908 3468 iussum
928 3408 1064 3470 dimittit.
1118 3410 1173 3470 llle
1204 3423 1241 3472 ut
1331 3461 1334 3466 .

218 3507 321 3568 irritus
342 3497 500 3592 legationis
526 3511 621 3586 redit,
643 3525 744 3577 cetera
763 3515 967 3598 dissimulans,
990 3539 1068 3600 quae
1088 3539 1156 3580 mox
1174 3542 1241 3582 em·

219 3633 300 3693 pere.
342 3616 449 3678 Civilis
469 3629 556 3700 parte
576 3621 730 3702 copiarum
757 3633 878 3686 retenta
899 3635 1055 3687 veteranas
1078 3608 1237 3706 cohortes',
1252 3627 1313 3708 33

219 3728 249 3782 et
270 3721 355 3802 quod
383 3745 400 3783 e
421 3727 579 3788 Germanis
600 3732 727 3792 maxime
747 3743 937 3814 promptum,
970 3735 1111 3796 adversus
1133 3732 1291 3796 vesu-'50

218 3825 278 3887 lam
302 3833 524 3916 exercitumque
555 3837 618 3898 eius
645 3839 752 3924 mittit,
791 3840 868 3900 lulio
896 3843 1027 3904 Maximo
1052 3855 1082 3904 et
1110 3842 1238 3906 Claudio

222 3963 385 3978 *naono-unua
410 3970 459 3978 ..-
466 3973 487 3979 .-

293 4067 329 4114 ις.
350 4055 441 4120 recepi
461 4057 494 4108 A:
515 4055 559 4108 M³
580 4061 682 4129 recipi,
702 4069 729 4111 et
745 4063 786 4114 26.
806 4061 875 4118 idem
898 4055 987 4116 tild²¹
