<?xml version="1.0" encoding="UTF-8"?>
<!DOCTYPE html PUBLIC "-//W3C//DTD XHTML 1.0 Transitional//EN"
    "http://www.w3.org/TR/xhtml1/DTD/xhtml1-transitional.dtd">
<html xmlns="http://www.w3.org/1999/xhtml" xml:lang="en" lang="en">
 <head>
  <title>
</title>
<meta http-equiv="Content-Type" content="text/html;charset=utf-8" />
  <meta name='ocr-system' content='tesseract 3.04.00' />
  <meta name='ocr-capabilities' content='ocr_page ocr_carea ocr_par ocr_line ocrx_word'/>
</head>
<body>
  <div class='ocr_page' id='page_1' title='image "./ccorneliitaciti01rittgoog_0222.png"; bbox 0 0 2886 4726; ppageno 0'>
   <div class='ocr_carea' id='block_1_1' title="bbox 202 285 905 390">
    <p class='ocr_par' dir='ltr' id='par_1_1' title="bbox 202 285 905 390">
     <span class='ocr_line' id='line_1_1' title="bbox 202 285 905 390; baseline -0.02 -32"><span class='ocrx_word' id='word_1_1' title='bbox 202 300 262 364; x_wconf 78' lang='lat' dir='ltr'><strong>atu</strong></span> <span class='ocrx_word' id='word_1_2' title='bbox 572 285 856 352; x_wconf 73' lang='lat' dir='ltr'><strong>utstoutanun</strong></span> <span class='ocrx_word' id='word_1_3' title='bbox 899 379 905 390; x_wconf 48' lang='lat'>‚</span> 
     </span>
    </p>
   </div>
   <div class='ocr_carea' id='block_1_2' title="bbox 40 459 1231 656">
    <p class='ocr_par' dir='ltr' id='par_1_2' title="bbox 40 459 1231 656">
     <span class='ocr_line' id='line_1_2' title="bbox 40 459 1230 558; baseline -0.02 -16"><span class='ocrx_word' id='word_1_4' title='bbox 40 482 68 552; x_wconf 73' lang='lat'><strong>(²</strong></span> <span class='ocrx_word' id='word_1_5' title='bbox 85 487 117 544; x_wconf 83' lang='lat' dir='ltr'><strong>c.</strong></span> <span class='ocrx_word' id='word_1_6' title='bbox 134 485 189 558; x_wconf 64' lang='lat'><strong>⁶9)</strong></span> <span class='ocrx_word' id='word_1_7' title='bbox 204 487 318 538; x_wconf 82' lang='lat' dir='ltr'><strong>nostras</strong></span> <span class='ocrx_word' id='word_1_8' title='bbox 333 472 481 536; x_wconf 83' lang='lat' dir='ltr'><strong>venirent.</strong></span> <span class='ocrx_word' id='word_1_9' title='bbox 526 469 602 531; x_wconf 88' lang='lat' dir='ltr'><strong>Inde</strong></span> <span class='ocrx_word' id='word_1_10' title='bbox 628 491 687 530; x_wconf 93' lang='lat' dir='ltr'><strong>non</strong></span> <span class='ocrx_word' id='word_1_11' title='bbox 707 467 774 528; x_wconf 90' lang='lat' dir='ltr'><strong>loeo</strong></span> <span class='ocrx_word' id='word_1_12' title='bbox 805 483 903 546; x_wconf 87' lang='lat' dir='ltr'><strong>neque</strong></span> <span class='ocrx_word' id='word_1_13' title='bbox 924 461 1120 520; x_wconf 87' lang='lat' dir='ltr'><strong>munimentis</strong></span> <span class='ocrx_word' id='word_1_14' title='bbox 1141 459 1230 519; x_wconf 85' lang='lat' dir='ltr'><strong>labor</strong></span> 
     </span>
     <span class='ocr_line' id='line_1_3' title="bbox 204 563 1231 656; baseline -0.019 -11"><span class='ocrx_word' id='word_1_15' title='bbox 204 584 341 648; x_wconf 65' lang='lat' dir='ltr'><strong>additus}</strong></span> <span class='ocrx_word' id='word_1_16' title='bbox 357 582 407 648; x_wconf 71' lang='lat' dir='ltr'><strong>,ris</strong></span> <span class='ocrx_word' id='word_1_17' title='bbox 429 591 457 640; x_wconf 91' lang='lat' dir='ltr'><strong>et</strong></span> <span class='ocrx_word' id='word_1_18' title='bbox 482 567 574 639; x_wconf 78' lang='lat' dir='ltr'><strong>arma</strong></span> <span class='ocrx_word' id='word_1_19' title='bbox 590 578 661 636; x_wconf 88' lang='lat' dir='ltr'><strong>satis</strong></span> <span class='ocrx_word' id='word_1_20' title='bbox 682 563 852 656; x_wconf 78' lang='lat' dir='ltr'><strong>placebant.</strong></span> <span class='ocrx_word' id='word_1_21' title='bbox 895 571 1000 630; x_wconf 90' lang='lat' dir='ltr'><strong>Batavi</strong></span> <span class='ocrx_word' id='word_1_22' title='bbox 1021 566 1231 626; x_wconf 87' lang='lat' dir='ltr'><strong>Transrhena-</strong></span> 
     </span>
    </p>
   </div>
   <div class='ocr_carea' id='block_1_3' title="bbox 37 673 1276 1721">
    <p class='ocr_par' dir='ltr' id='par_1_3' title="bbox 148 673 1231 772">
     <span class='ocr_line' id='line_1_4' title="bbox 148 673 1231 772; baseline -0.018 -20"><span class='ocrx_word' id='word_1_23' title='bbox 148 737 153 742; x_wconf 80' lang='lat'><em>-</em></span> <span class='ocrx_word' id='word_1_24' title='bbox 203 692 316 772; x_wconf 85' lang='lat' dir='ltr'><strong>nique,</strong></span> <span class='ocrx_word' id='word_1_25' title='bbox 346 674 408 770; x_wconf 66' lang='lat' dir='ltr'><strong>guo</strong></span> <span class='ocrx_word' id='word_1_26' title='bbox 430 685 555 746; x_wconf 86' lang='lat' dir='ltr'><strong>discreta</strong></span> <span class='ocrx_word' id='word_1_27' title='bbox 585 684 680 742; x_wconf 88' lang='lat' dir='ltr'><strong>virtus</strong></span> <span class='ocrx_word' id='word_1_28' title='bbox 709 681 893 739; x_wconf 82' lang='lat' dir='ltr'><strong>manifestius</strong></span> <span class='ocrx_word' id='word_1_29' title='bbox 928 685 1138 757; x_wconf 75' lang='lat' dir='ltr'>spectaretur,</span> <span class='ocrx_word' id='word_1_30' title='bbox 1173 673 1231 732; x_wconf 83' lang='lat' dir='ltr'><strong>sibi</strong></span> 
     </span>
    </p>

    <p class='ocr_par' dir='ltr' id='par_1_4' title="bbox 140 783 1229 879">
     <span class='ocr_line' id='line_1_5' title="bbox 140 783 1229 879; baseline -0.017 -20"><span class='ocrx_word' id='word_1_31' title='bbox 140 805 144 822; x_wconf 74' lang='lat'><strong><em>⁴</em></strong></span> <span class='ocrx_word' id='word_1_32' title='bbox 203 817 341 879; x_wconf 88' lang='lat' dir='ltr'><strong>quaeque</strong></span> <span class='ocrx_word' id='word_1_33' title='bbox 371 815 443 876; x_wconf 89' lang='lat' dir='ltr'><strong>gens</strong></span> <span class='ocrx_word' id='word_1_34' title='bbox 463 792 650 866; x_wconf 85' lang='lat' dir='ltr'><strong>consistunt,</strong></span> <span class='ocrx_word' id='word_1_35' title='bbox 680 791 799 848; x_wconf 90' lang='lat' dir='ltr'><strong>eminus</strong></span> <span class='ocrx_word' id='word_1_36' title='bbox 831 787 1017 846; x_wconf 82' lang='lat' dir='ltr'><strong>lacessentes.</strong></span> <span class='ocrx_word' id='word_1_37' title='bbox 1069 783 1143 842; x_wconf 84' lang='lat' dir='ltr'><strong>Post</strong></span> <span class='ocrx_word' id='word_1_38' title='bbox 1176 783 1229 842; x_wconf 93' lang='lat' dir='ltr'><strong>ubi</strong></span> 
     </span>
    </p>

    <p class='ocr_par' dir='ltr' id='par_1_5' title="bbox 37 889 1259 985">
     <span class='ocr_line' id='line_1_6' title="bbox 37 889 1259 985; baseline -0.01 -21"><span class='ocrx_word' id='word_1_39' title='bbox 37 953 41 964; x_wconf 84' lang='lat'><strong>.</strong></span> <span class='ocrx_word' id='word_1_40' title='bbox 124 893 128 898; x_wconf 41' lang='lat'><em>¹</em></span> <span class='ocrx_word' id='word_1_41' title='bbox 202 906 350 985; x_wconf 86' lang='lat' dir='ltr'>pleraque</span> <span class='ocrx_word' id='word_1_42' title='bbox 371 901 502 960; x_wconf 89' lang='lat' dir='ltr'><strong>telorum</strong></span> <span class='ocrx_word' id='word_1_43' title='bbox 524 898 662 956; x_wconf 88' lang='lat' dir='ltr'><strong>turribus</strong></span> <span class='ocrx_word' id='word_1_44' title='bbox 683 897 843 976; x_wconf 83' lang='lat' dir='ltr'><strong>pinnisque</strong></span> <span class='ocrx_word' id='word_1_45' title='bbox 865 891 1017 954; x_wconf 89' lang='lat' dir='ltr'><strong>moenium</strong></span> <span class='ocrx_word' id='word_1_46' title='bbox 1049 892 1134 949; x_wconf 87' lang='lat' dir='ltr'><strong>irrita</strong></span> <span class='ocrx_word' id='word_1_47' title='bbox 1153 889 1259 952; x_wconf 84' lang='lat' dir='ltr'><strong>hae-5</strong></span> 
     </span>
    </p>

    <p class='ocr_par' dir='ltr' id='par_1_6' title="bbox 204 999 1229 1088">
     <span class='ocr_line' id='line_1_7' title="bbox 204 999 1229 1088; baseline -0.015 -18"><span class='ocrx_word' id='word_1_48' title='bbox 204 1012 312 1070; x_wconf 80' lang='lat' dir='ltr'>rebant</span> <span class='ocrx_word' id='word_1_49' title='bbox 335 1019 366 1070; x_wconf 91' lang='lat' dir='ltr'><strong>et</strong></span> <span class='ocrx_word' id='word_1_50' title='bbox 386 1010 512 1088; x_wconf 78' lang='lat' dir='ltr'>desuper</span> <span class='ocrx_word' id='word_1_51' title='bbox 533 1007 607 1066; x_wconf 82' lang='lat' dir='ltr'><strong>saxis</strong></span> <span class='ocrx_word' id='word_1_52' title='bbox 629 1005 880 1079; x_wconf 80' lang='lat' dir='ltr'><strong>volnerabantur,</strong></span> <span class='ocrx_word' id='word_1_53' title='bbox 903 1002 1041 1061; x_wconf 90' lang='lat' dir='ltr'><strong>clamore</strong></span> <span class='ocrx_word' id='word_1_54' title='bbox 1060 999 1229 1079; x_wconf 81' lang='lat' dir='ltr'><strong>atqueim·</strong></span> 
     </span>
    </p>

    <p class='ocr_par' dir='ltr' id='par_1_7' title="bbox 201 1105 1269 1301">
     <span class='ocr_line' id='line_1_8' title="bbox 202 1105 1229 1200; baseline -0.017 -22"><span class='ocrx_word' id='word_1_55' title='bbox 202 1129 271 1200; x_wconf 89' lang='lat' dir='ltr'><strong>petn</strong></span> <span class='ocrx_word' id='word_1_56' title='bbox 294 1118 429 1177; x_wconf 88' lang='lat' dir='ltr'><strong>invasere</strong></span> <span class='ocrx_word' id='word_1_57' title='bbox 451 1113 587 1191; x_wconf 87' lang='lat' dir='ltr'><strong>vallum,</strong></span> <span class='ocrx_word' id='word_1_58' title='bbox 620 1113 760 1194; x_wconf 81' lang='lat' dir='ltr'><strong>appositis</strong></span> <span class='ocrx_word' id='word_1_59' title='bbox 794 1110 931 1192; x_wconf 79' lang='lat' dir='ltr'><strong>plerique</strong></span> <span class='ocrx_word' id='word_1_60' title='bbox 952 1107 1062 1183; x_wconf 85' lang='lat' dir='ltr'><strong>scalis,</strong></span> <span class='ocrx_word' id='word_1_61' title='bbox 1095 1105 1146 1165; x_wconf 88' lang='lat' dir='ltr'><strong>alii</strong></span> <span class='ocrx_word' id='word_1_62' title='bbox 1176 1125 1229 1186; x_wconf 88' lang='lat' dir='ltr'><strong>per</strong></span> 
     </span>
     <span class='ocr_line' id='line_1_9' title="bbox 201 1209 1269 1301; baseline -0.012 -19"><span class='ocrx_word' id='word_1_63' title='bbox 201 1224 383 1282; x_wconf 73' lang='lat' dir='ltr'><strong>testudinem</strong></span> <span class='ocrx_word' id='word_1_64' title='bbox 405 1243 542 1282; x_wconf 88' lang='lat' dir='ltr'><strong>suorum.</strong></span> <span class='ocrx_word' id='word_1_65' title='bbox 563 1217 814 1301; x_wconf 87' lang='lat' dir='ltr'><strong>Scandebantque</strong></span> <span class='ocrx_word' id='word_1_66' title='bbox 837 1218 897 1276; x_wconf 91' lang='lat' dir='ltr'><strong>iam</strong></span> <span class='ocrx_word' id='word_1_67' title='bbox 916 1214 1053 1297; x_wconf 89' lang='lat' dir='ltr'><strong>quidam,</strong></span> <span class='ocrx_word' id='word_1_68' title='bbox 1075 1233 1146 1272; x_wconf 91' lang='lat' dir='ltr'><strong>cum</strong></span> <span class='ocrx_word' id='word_1_69' title='bbox 1164 1209 1228 1292; x_wconf 90' lang='lat' dir='ltr'><strong>gla·</strong></span> <span class='ocrx_word' id='word_1_70' title='bbox 1266 1243 1269 1247; x_wconf 96' lang='lat'>·</span> 
     </span>
    </p>

    <p class='ocr_par' dir='ltr' id='par_1_8' title="bbox 202 1319 1276 1512">
     <span class='ocr_line' id='line_1_10' title="bbox 202 1319 1230 1404; baseline -0.01 -17"><span class='ocrx_word' id='word_1_71' title='bbox 202 1329 260 1387; x_wconf 86' lang='lat' dir='ltr'><strong>diis</strong></span> <span class='ocrx_word' id='word_1_72' title='bbox 280 1337 310 1386; x_wconf 91' lang='lat' dir='ltr'><strong>et</strong></span> <span class='ocrx_word' id='word_1_73' title='bbox 331 1347 484 1386; x_wconf 84' lang='lat' dir='ltr'><strong>armorum</strong></span> <span class='ocrx_word' id='word_1_74' title='bbox 507 1328 628 1385; x_wconf 91' lang='lat' dir='ltr'><strong>incussu</strong></span> <span class='ocrx_word' id='word_1_75' title='bbox 650 1323 840 1404; x_wconf 89' lang='lat' dir='ltr'><strong>praecipitati</strong></span> <span class='ocrx_word' id='word_1_76' title='bbox 868 1321 994 1381; x_wconf 86' lang='lat' dir='ltr'><strong>sudibus</strong></span> <span class='ocrx_word' id='word_1_77' title='bbox 1018 1332 1048 1381; x_wconf 89' lang='lat' dir='ltr'><strong>et</strong></span> <span class='ocrx_word' id='word_1_78' title='bbox 1076 1320 1144 1399; x_wconf 86' lang='lat' dir='ltr'><strong>pilis</strong></span> <span class='ocrx_word' id='word_1_79' title='bbox 1174 1319 1230 1378; x_wconf 86' lang='lat' dir='ltr'><strong>ob-</strong></span> 
     </span>
     <span class='ocr_line' id='line_1_11' title="bbox 203 1415 1276 1512; baseline -0.011 -17"><span class='ocrx_word' id='word_1_80' title='bbox 203 1445 359 1505; x_wconf 87' lang='lat' dir='ltr'><strong>ruuntur,</strong></span> <span class='ocrx_word' id='word_1_81' title='bbox 381 1433 572 1512; x_wconf 79' lang='lat' dir='ltr'><strong>praeferoces</strong></span> <span class='ocrx_word' id='word_1_82' title='bbox 593 1415 679 1488; x_wconf 86' lang='lat' dir='ltr'><strong>initio</strong></span> <span class='ocrx_word' id='word_1_83' title='bbox 698 1440 728 1487; x_wconf 90' lang='lat' dir='ltr'><strong>et</strong></span> <span class='ocrx_word' id='word_1_84' title='bbox 750 1427 840 1488; x_wconf 89' lang='lat' dir='ltr'><strong>rebus</strong></span> <span class='ocrx_word' id='word_1_85' title='bbox 861 1426 999 1488; x_wconf 87' lang='lat' dir='ltr'><strong>secundis</strong></span> <span class='ocrx_word' id='word_1_86' title='bbox 1019 1427 1114 1485; x_wconf 88' lang='lat' dir='ltr'><strong>nimii.</strong></span> <span class='ocrx_word' id='word_1_87' title='bbox 1169 1425 1226 1486; x_wconf 89' lang='lat' dir='ltr'><strong>Sed</strong></span> <span class='ocrx_word' id='word_1_88' title='bbox 1241 1453 1276 1493; x_wconf 90' lang='lat'><strong>10</strong></span> 
     </span>
    </p>

    <p class='ocr_par' dir='ltr' id='par_1_9' title="bbox 202 1525 1228 1618">
     <span class='ocr_line' id='line_1_12' title="bbox 202 1525 1228 1618; baseline -0.009 -17"><span class='ocrx_word' id='word_1_89' title='bbox 202 1553 267 1601; x_wconf 89' lang='lat' dir='ltr'><strong>tum</strong></span> <span class='ocrx_word' id='word_1_90' title='bbox 288 1525 421 1618; x_wconf 76' lang='lat' dir='ltr'><strong>praedae</strong></span> <span class='ocrx_word' id='word_1_91' title='bbox 441 1536 582 1617; x_wconf 87' lang='lat' dir='ltr'><strong>cupidine</strong></span> <span class='ocrx_word' id='word_1_92' title='bbox 605 1534 731 1594; x_wconf 85' lang='lat' dir='ltr'><strong>adversa</strong></span> <span class='ocrx_word' id='word_1_93' title='bbox 750 1539 872 1614; x_wconf 84' lang='lat' dir='ltr'><strong>quoque</strong></span> <span class='ocrx_word' id='word_1_94' title='bbox 885 1530 1068 1592; x_wconf 77' lang='lat' dir='ltr'><strong>tolerabant.</strong></span> <span class='ocrx_word' id='word_1_95' title='bbox 1112 1533 1228 1592; x_wconf 88' lang='lat' dir='ltr'><strong>Machi-</strong></span> 
     </span>
    </p>

    <p class='ocr_par' dir='ltr' id='par_1_10' title="bbox 202 1625 1225 1721">
     <span class='ocr_line' id='line_1_13' title="bbox 202 1625 1225 1721; baseline -0.006 -15"><span class='ocrx_word' id='word_1_96' title='bbox 202 1667 256 1706; x_wconf 90' lang='lat' dir='ltr'><strong>nas</strong></span> <span class='ocrx_word' id='word_1_97' title='bbox 276 1647 385 1721; x_wconf 88' lang='lat' dir='ltr'><strong>etiam,</strong></span> <span class='ocrx_word' id='word_1_98' title='bbox 418 1642 575 1702; x_wconf 87' lang='lat' dir='ltr'><strong>insolitum</strong></span> <span class='ocrx_word' id='word_1_99' title='bbox 597 1642 670 1717; x_wconf 90' lang='lat' dir='ltr'><strong>sibi,</strong></span> <span class='ocrx_word' id='word_1_100' title='bbox 704 1642 781 1699; x_wconf 90' lang='lat' dir='ltr'><strong>ausi.</strong></span> <span class='ocrx_word' id='word_1_101' title='bbox 825 1637 964 1700; x_wconf 87' lang='lat' dir='ltr'><strong>Neculla</strong></span> <span class='ocrx_word' id='word_1_102' title='bbox 985 1625 1056 1718; x_wconf 85' lang='lat' dir='ltr'><strong>ipsis</strong></span> <span class='ocrx_word' id='word_1_103' title='bbox 1078 1641 1225 1700; x_wconf 88' lang='lat' dir='ltr'><strong>sollertia:</strong></span> 
     </span>
    </p>
   </div>
   <div class='ocr_carea' id='block_1_4' title="bbox 201 1733 1228 1836">
    <p class='ocr_par' dir='ltr' id='par_1_11' title="bbox 201 1733 1228 1836">
     <span class='ocr_line' id='line_1_14' title="bbox 201 1733 1228 1836; baseline -0.007 -23"><span class='ocrx_word' id='word_1_104' title='bbox 201 1755 344 1836; x_wconf 80' lang='lat' dir='ltr'><strong>perfugae</strong></span> <span class='ocrx_word' id='word_1_105' title='bbox 374 1751 546 1829; x_wconf 83' lang='lat' dir='ltr'><strong>captivique</strong></span> <span class='ocrx_word' id='word_1_106' title='bbox 579 1747 729 1808; x_wconf 87' lang='lat' dir='ltr'><strong>docebant</strong></span> <span class='ocrx_word' id='word_1_107' title='bbox 751 1759 868 1807; x_wconf 89' lang='lat' dir='ltr'><strong>struere</strong></span> <span class='ocrx_word' id='word_1_108' title='bbox 888 1733 1030 1806; x_wconf 88' lang='lat' dir='ltr'><strong>materias</strong></span> <span class='ocrx_word' id='word_1_109' title='bbox 1052 1743 1081 1806; x_wconf 90' lang='lat' dir='ltr'><strong>in</strong></span> <span class='ocrx_word' id='word_1_110' title='bbox 1104 1750 1228 1809; x_wconf 91' lang='lat' dir='ltr'><strong>modum</strong></span> 
     </span>
    </p>
   </div>
   <div class='ocr_carea' id='block_1_5' title="bbox 123 1853 1306 3418">
    <p class='ocr_par' dir='ltr' id='par_1_12' title="bbox 123 1853 1306 3418">
     <span class='ocr_line' id='line_1_15' title="bbox 201 1853 1228 1940; baseline -0.005 -25"><span class='ocrx_word' id='word_1_111' title='bbox 201 1859 323 1940; x_wconf 87' lang='lat' dir='ltr'><strong>pontis,</strong></span> <span class='ocrx_word' id='word_1_112' title='bbox 347 1875 416 1912; x_wconf 87' lang='lat' dir='ltr'><strong>mox</strong></span> <span class='ocrx_word' id='word_1_113' title='bbox 437 1855 578 1914; x_wconf 87' lang='lat' dir='ltr'><strong>subiectis</strong></span> <span class='ocrx_word' id='word_1_114' title='bbox 600 1857 674 1913; x_wconf 86' lang='lat' dir='ltr'><strong>rotis</strong></span> <span class='ocrx_word' id='word_1_115' title='bbox 694 1853 883 1934; x_wconf 87' lang='lat' dir='ltr'><strong>propellere,</strong></span> <span class='ocrx_word' id='word_1_116' title='bbox 915 1864 949 1912; x_wconf 87' lang='lat' dir='ltr'><strong>ut</strong></span> <span class='ocrx_word' id='word_1_117' title='bbox 982 1853 1030 1911; x_wconf 84' lang='lat' dir='ltr'><strong>alii</strong></span> <span class='ocrx_word' id='word_1_118' title='bbox 1052 1861 1228 1934; x_wconf 87' lang='lat' dir='ltr'><strong>superstan-</strong></span> 
     </span>
     <span class='ocr_line' id='line_1_16' title="bbox 202 1957 1275 2042; baseline 0.001 -20"><span class='ocrx_word' id='word_1_119' title='bbox 202 1973 248 2022; x_wconf 91' lang='lat' dir='ltr'><strong>tes</strong></span> <span class='ocrx_word' id='word_1_120' title='bbox 270 1973 413 2042; x_wconf 88' lang='lat' dir='ltr'><strong>tanquam</strong></span> <span class='ocrx_word' id='word_1_121' title='bbox 444 1981 478 2018; x_wconf 86' lang='lat' dir='ltr'><strong>ex</strong></span> <span class='ocrx_word' id='word_1_122' title='bbox 506 1981 611 2040; x_wconf 83' lang='lat' dir='ltr'><strong>aggere</strong></span> <span class='ocrx_word' id='word_1_123' title='bbox 640 1960 878 2040; x_wconf 86' lang='lat' dir='ltr'><strong>praeliarentur,</strong></span> <span class='ocrx_word' id='word_1_124' title='bbox 912 1981 981 2039; x_wconf 85' lang='lat' dir='ltr'><strong>pars</strong></span> <span class='ocrx_word' id='word_1_125' title='bbox 1007 1959 1086 2019; x_wconf 90' lang='lat' dir='ltr'><strong>intus</strong></span> <span class='ocrx_word' id='word_1_126' title='bbox 1115 1957 1275 2025; x_wconf 77' lang='lat' dir='ltr'><strong>occultirb</strong></span> 
     </span>
     <span class='ocr_line' id='line_1_17' title="bbox 202 2067 1226 2128; baseline -0.007 0"><span class='ocrx_word' id='word_1_127' title='bbox 202 2091 304 2128; x_wconf 88' lang='lat' dir='ltr'><strong>muros</strong></span> <span class='ocrx_word' id='word_1_128' title='bbox 325 2067 513 2128; x_wconf 89' lang='lat' dir='ltr'><strong>subruerent.</strong></span> <span class='ocrx_word' id='word_1_129' title='bbox 570 2068 627 2126; x_wconf 89' lang='lat' dir='ltr'><strong>Sed</strong></span> <span class='ocrx_word' id='word_1_130' title='bbox 652 2089 773 2128; x_wconf 80' lang='lat' dir='ltr'><strong>excussa</strong></span> <span class='ocrx_word' id='word_1_131' title='bbox 800 2067 913 2127; x_wconf 87' lang='lat' dir='ltr'><strong>balistis</strong></span> <span class='ocrx_word' id='word_1_132' title='bbox 934 2090 1002 2128; x_wconf 82' lang='lat' dir='ltr'><strong>saxa</strong></span> <span class='ocrx_word' id='word_1_133' title='bbox 1025 2081 1157 2128; x_wconf 88' lang='lat' dir='ltr'><strong>stravere</strong></span> <span class='ocrx_word' id='word_1_134' title='bbox 1177 2068 1226 2125; x_wconf 90' lang='lat' dir='ltr'><strong>in.</strong></span> 
     </span>
     <span class='ocr_line' id='line_1_18' title="bbox 201 2174 1226 2264; baseline -0.006 -29"><span class='ocrx_word' id='word_1_135' title='bbox 201 2177 299 2235; x_wconf 84' lang='lat' dir='ltr'><strong>forare</strong></span> <span class='ocrx_word' id='word_1_136' title='bbox 312 2197 408 2264; x_wconf 81' lang='lat' dir='ltr'><strong>opus.</strong></span> <span class='ocrx_word' id='word_1_137' title='bbox 451 2174 493 2234; x_wconf 88' lang='lat' dir='ltr'><strong>Et</strong></span> <span class='ocrx_word' id='word_1_138' title='bbox 516 2187 613 2234; x_wconf 90' lang='lat' dir='ltr'><strong>crates</strong></span> <span class='ocrx_word' id='word_1_139' title='bbox 632 2178 796 2255; x_wconf 86' lang='lat' dir='ltr'><strong>vineasque</strong></span> <span class='ocrx_word' id='word_1_140' title='bbox 817 2176 991 2254; x_wconf 87' lang='lat' dir='ltr'><strong>parantibus</strong></span> <span class='ocrx_word' id='word_1_141' title='bbox 1013 2176 1138 2236; x_wconf 86' lang='lat' dir='ltr'><strong>adactae</strong></span> <span class='ocrx_word' id='word_1_142' title='bbox 1159 2184 1226 2234; x_wconf 89' lang='lat' dir='ltr'><strong>tor.</strong></span> 
     </span>
     <span class='ocr_line' id='line_1_19' title="bbox 201 2281 1306 2365; baseline 0 -23"><span class='ocrx_word' id='word_1_143' title='bbox 201 2283 311 2344; x_wconf 88' lang='lat' dir='ltr'><strong>mentis</strong></span> <span class='ocrx_word' id='word_1_144' title='bbox 332 2283 469 2342; x_wconf 90' lang='lat' dir='ltr'><strong>ardentes</strong></span> <span class='ocrx_word' id='word_1_145' title='bbox 493 2281 605 2356; x_wconf 88' lang='lat' dir='ltr'><strong>bastae,</strong></span> <span class='ocrx_word' id='word_1_146' title='bbox 628 2281 770 2364; x_wconf 90' lang='lat' dir='ltr'><strong>ultroque</strong></span> <span class='ocrx_word' id='word_1_147' title='bbox 791 2285 847 2364; x_wconf 88' lang='lat' dir='ltr'><strong>ipsi</strong></span> <span class='ocrx_word' id='word_1_148' title='bbox 863 2293 1084 2365; x_wconf 84' lang='lat' dir='ltr'><strong>oppugnatores</strong></span> <span class='ocrx_word' id='word_1_149' title='bbox 1106 2281 1227 2362; x_wconf 78' lang='lat' dir='ltr'><strong>ignibus</strong></span> <span class='ocrx_word' id='word_1_150' title='bbox 1302 2295 1306 2300; x_wconf 84' lang='grc'><strong>“</strong></span> 
     </span>
     <span class='ocr_line' id='line_1_20' title="bbox 203 2386 1239 2470; baseline -0.003 -21"><span class='ocrx_word' id='word_1_151' title='bbox 203 2390 407 2470; x_wconf 84' lang='lat' dir='ltr'><strong>petebantur,</strong></span> <span class='ocrx_word' id='word_1_152' title='bbox 441 2388 540 2447; x_wconf 88' lang='lat' dir='ltr'><strong>donec</strong></span> <span class='ocrx_word' id='word_1_153' title='bbox 573 2389 728 2468; x_wconf 87' lang='lat' dir='ltr'><strong>desperata</strong></span> <span class='ocrx_word' id='word_1_154' title='bbox 755 2392 785 2448; x_wconf 81' lang='lat' dir='ltr'><strong>vi</strong></span> <span class='ocrx_word' id='word_1_155' title='bbox 810 2401 965 2450; x_wconf 85' lang='lat' dir='ltr'><strong>verterent</strong></span> <span class='ocrx_word' id='word_1_156' title='bbox 995 2386 1155 2447; x_wconf 87' lang='lat' dir='ltr'><strong>consilium</strong></span> <span class='ocrx_word' id='word_1_157' title='bbox 1187 2386 1239 2446; x_wconf 35' lang='lat' dir='ltr'><strong>ad*</strong></span> 
     </span>
     <span class='ocr_line' id='line_1_21' title="bbox 201 2491 1274 2572; baseline 0.004 -20"><span class='ocrx_word' id='word_1_158' title='bbox 201 2514 323 2568; x_wconf 88' lang='lat' dir='ltr'><strong>moras,</strong></span> <span class='ocrx_word' id='word_1_159' title='bbox 355 2491 439 2551; x_wconf 88' lang='lat' dir='ltr'><strong>haud</strong></span> <span class='ocrx_word' id='word_1_160' title='bbox 464 2491 562 2572; x_wconf 89' lang='lat' dir='ltr'><strong>ignari</strong></span> <span class='ocrx_word' id='word_1_161' title='bbox 591 2514 757 2571; x_wconf 88' lang='lat' dir='ltr'><strong>paucorum</strong></span> <span class='ocrx_word' id='word_1_162' title='bbox 776 2492 893 2550; x_wconf 90' lang='lat' dir='ltr'><strong>dierum</strong></span> <span class='ocrx_word' id='word_1_163' title='bbox 917 2494 1010 2552; x_wconf 89' lang='lat' dir='ltr'><strong>inesse</strong></span> <span class='ocrx_word' id='word_1_164' title='bbox 1030 2492 1174 2552; x_wconf 87' lang='lat' dir='ltr'><strong>alimenta</strong></span> <span class='ocrx_word' id='word_1_165' title='bbox 1193 2501 1274 2556; x_wconf 81' lang='lat' dir='ltr'><strong>etao</strong></span> 
     </span>
     <span class='ocr_line' id='line_1_22' title="bbox 139 2579 1224 2680; baseline -0.001 -20"><span class='ocrx_word' id='word_1_166' title='bbox 139 2625 141 2629; x_wconf 93' lang='lat'>·</span> <span class='ocrx_word' id='word_1_167' title='bbox 199 2599 327 2661; x_wconf 87' lang='lat' dir='ltr'><strong>multum</strong></span> <span class='ocrx_word' id='word_1_168' title='bbox 345 2596 477 2656; x_wconf 87' lang='lat' dir='ltr'><strong>imbellis</strong></span> <span class='ocrx_word' id='word_1_169' title='bbox 498 2579 616 2660; x_wconf 76' lang='lat' dir='ltr'><strong>turbae.</strong></span> <span class='ocrx_word' id='word_1_170' title='bbox 657 2591 757 2656; x_wconf 87' lang='lat' dir='ltr'><strong>Simul</strong></span> <span class='ocrx_word' id='word_1_171' title='bbox 777 2618 811 2655; x_wconf 89' lang='lat' dir='ltr'><strong>ex</strong></span> <span class='ocrx_word' id='word_1_172' title='bbox 832 2599 931 2678; x_wconf 91' lang='lat' dir='ltr'><strong>inopia</strong></span> <span class='ocrx_word' id='word_1_173' title='bbox 952 2600 1084 2680; x_wconf 89' lang='lat' dir='ltr'><strong>proditio</strong></span> <span class='ocrx_word' id='word_1_174' title='bbox 1102 2599 1224 2660; x_wconf 85' lang='lat' dir='ltr'><strong>etlluxa</strong></span> 
     </span>
     <span class='ocr_line' id='line_1_23' title="bbox 201 2698 1290 2784; baseline -0.002 -18"><span class='ocrx_word' id='word_1_175' title='bbox 201 2699 397 2766; x_wconf 82' lang='lat' dir='ltr'><strong>servitiorum</strong></span> <span class='ocrx_word' id='word_1_176' title='bbox 418 2701 490 2760; x_wconf 85' lang='lat' dir='ltr'><strong>fides</strong></span> <span class='ocrx_word' id='word_1_177' title='bbox 522 2721 556 2759; x_wconf 87' lang='lat' dir='ltr'><strong>ac</strong></span> <span class='ocrx_word' id='word_1_178' title='bbox 581 2699 705 2760; x_wconf 81' lang='lat' dir='ltr'><strong>fortuita</strong></span> <span class='ocrx_word' id='word_1_179' title='bbox 734 2701 811 2760; x_wconf 88' lang='lat' dir='ltr'><strong>helli</strong></span> <span class='ocrx_word' id='word_1_180' title='bbox 833 2705 1046 2782; x_wconf 79' lang='lat' dir='ltr'><strong>sperabantur.</strong></span> <span class='ocrx_word' id='word_1_181' title='bbox 1099 2698 1290 2784; x_wconf 61' lang='lat' dir='ltr'><strong>Flaccusle</strong></span> 
     </span>
     <span class='ocr_line' id='line_1_24' title="bbox 174 2795 1222 2894; baseline -0.003 -23"><span class='ocrx_word' id='word_1_182' title='bbox 174 2811 327 2884; x_wconf 48' lang='lat' dir='ltr'><strong>,interim</strong></span> <span class='ocrx_word' id='word_1_183' title='bbox 352 2811 473 2889; x_wconf 88' lang='lat' dir='ltr'><strong>cognito</strong></span> <span class='ocrx_word' id='word_1_184' title='bbox 496 2819 665 2888; x_wconf 82' lang='lat' dir='ltr'><strong>castrorum</strong></span> <span class='ocrx_word' id='word_1_185' title='bbox 695 2795 832 2885; x_wconf 81' lang='lat' dir='ltr'><strong>obsidia,</strong></span> <span class='ocrx_word' id='word_1_186' title='bbox 862 2823 892 2870; x_wconf 90' lang='lat' dir='ltr'><strong>et</strong></span> <span class='ocrx_word' id='word_1_187' title='bbox 919 2816 1014 2873; x_wconf 88' lang='lat' dir='ltr'><strong>missis</strong></span> <span class='ocrx_word' id='word_1_188' title='bbox 1035 2835 1087 2894; x_wconf 94' lang='lat' dir='ltr'><strong>per</strong></span> <span class='ocrx_word' id='word_1_189' title='bbox 1110 2809 1222 2890; x_wconf 84' lang='lat' dir='ltr'><strong>Gallias</strong></span> 
     </span>
     <span class='ocr_line' id='line_1_25' title="bbox 197 2913 1222 2998; baseline -0.005 -22"><span class='ocrx_word' id='word_1_190' title='bbox 197 2919 250 2998; x_wconf 88' lang='lat' dir='ltr'><strong>qui</strong></span> <span class='ocrx_word' id='word_1_191' title='bbox 270 2913 380 2976; x_wconf 82' lang='lat' dir='ltr'><strong>auxilia</strong></span> <span class='ocrx_word' id='word_1_192' title='bbox 407 2913 587 2984; x_wconf 85' lang='lat' dir='ltr'><strong>concirent,</strong></span> <span class='ocrx_word' id='word_1_193' title='bbox 617 2913 708 2972; x_wconf 88' lang='lat' dir='ltr'><strong>lectos</strong></span> <span class='ocrx_word' id='word_1_194' title='bbox 736 2935 753 2972; x_wconf 91' lang='lat' dir='ltr'><strong>e</strong></span> <span class='ocrx_word' id='word_1_195' title='bbox 775 2913 943 2994; x_wconf 88' lang='lat' dir='ltr'><strong>legionibus</strong></span> <span class='ocrx_word' id='word_1_196' title='bbox 968 2916 1062 2979; x_wconf 87' lang='lat' dir='ltr'><strong>Dillio</strong></span> <span class='ocrx_word' id='word_1_197' title='bbox 1086 2913 1222 2977; x_wconf 85' lang='lat' dir='ltr'><strong>Voculae</strong></span> 
     </span>
     <span class='ocr_line' id='line_1_26' title="bbox 198 3016 1274 3109; baseline -0.003 -27"><span class='ocrx_word' id='word_1_198' title='bbox 198 3022 454 3084; x_wconf 88' lang='lat' dir='ltr'><strong>duoetvicesimae</strong></span> <span class='ocrx_word' id='word_1_199' title='bbox 480 3017 604 3098; x_wconf 83' lang='lat' dir='ltr'><strong>legionis</strong></span> <span class='ocrx_word' id='word_1_200' title='bbox 632 3016 729 3096; x_wconf 87' lang='lat' dir='ltr'><strong>legato</strong></span> <span class='ocrx_word' id='word_1_201' title='bbox 758 3019 873 3109; x_wconf 84' lang='lat' dir='ltr'><strong>tradit,</strong></span> <span class='ocrx_word' id='word_1_202' title='bbox 904 3035 939 3082; x_wconf 88' lang='lat' dir='ltr'><strong>ut</strong></span> <span class='ocrx_word' id='word_1_203' title='bbox 973 3045 1064 3102; x_wconf 91' lang='lat' dir='ltr'><strong>quam</strong></span> <span class='ocrx_word' id='word_1_204' title='bbox 1087 3021 1222 3082; x_wconf 79' lang='lat' dir='ltr'><strong>maximis</strong></span> <span class='ocrx_word' id='word_1_205' title='bbox 1232 3017 1274 3079; x_wconf 80' lang='lat'><strong>25</strong></span> 
     </span>
     <span class='ocr_line' id='line_1_27' title="bbox 123 3123 1267 3218; baseline 0.002 -32"><span class='ocrx_word' id='word_1_206' title='bbox 123 3157 132 3166; x_wconf 81' lang='lat'><strong>·</strong></span> <span class='ocrx_word' id='word_1_207' title='bbox 196 3148 254 3208; x_wconf 90' lang='lat' dir='ltr'><strong>per</strong></span> <span class='ocrx_word' id='word_1_208' title='bbox 274 3129 370 3206; x_wconf 86' lang='lat' dir='ltr'><strong>ripam</strong></span> <span class='ocrx_word' id='word_1_209' title='bbox 392 3125 551 3184; x_wconf 86' lang='lat' dir='ltr'><strong>itineribus</strong></span> <span class='ocrx_word' id='word_1_210' title='bbox 573 3125 730 3200; x_wconf 85' lang='lat' dir='ltr'><strong>celeraret,</strong></span> <span class='ocrx_word' id='word_1_211' title='bbox 751 3123 814 3206; x_wconf 81' lang='lat' dir='ltr'><strong>ipse</strong></span> <span class='ocrx_word' id='word_1_212' title='bbox 828 3127 967 3208; x_wconf 88' lang='lat' dir='ltr'><strong>pavidus,</strong></span> <span class='ocrx_word' id='word_1_213' title='bbox 988 3127 1137 3188; x_wconf 85' lang='lat' dir='ltr'><strong>invalidus</strong></span> <span class='ocrx_word' id='word_1_214' title='bbox 1153 3150 1223 3188; x_wconf 68' lang='lat' dir='ltr'><strong>cor«</strong></span> <span class='ocrx_word' id='word_1_215' title='bbox 1257 3194 1267 3218; x_wconf 29' lang='grc' dir='ltr'>κ</span> 
     </span>
     <span class='ocr_line' id='line_1_28' title="bbox 199 3231 1221 3315; baseline 0.002 -23"><span class='ocrx_word' id='word_1_216' title='bbox 199 3255 295 3314; x_wconf 86' lang='lat' dir='ltr'><strong>pore,</strong></span> <span class='ocrx_word' id='word_1_217' title='bbox 317 3234 432 3295; x_wconf 88' lang='lat' dir='ltr'><strong>invisus</strong></span> <span class='ocrx_word' id='word_1_218' title='bbox 453 3231 609 3298; x_wconf 83' lang='lat' dir='ltr'><strong>militibus.</strong></span> <span class='ocrx_word' id='word_1_219' title='bbox 651 3232 757 3314; x_wconf 86' lang='lat' dir='ltr'><strong>Neque</strong></span> <span class='ocrx_word' id='word_1_220' title='bbox 781 3237 861 3294; x_wconf 88' lang='lat' dir='ltr'><strong>enim</strong></span> <span class='ocrx_word' id='word_1_221' title='bbox 885 3236 1025 3315; x_wconf 84' lang='lat' dir='ltr'><strong>ambigue</strong></span> <span class='ocrx_word' id='word_1_222' title='bbox 1047 3233 1221 3294; x_wconf 87' lang='lat' dir='ltr'><strong>fremebant</strong></span> 
     </span>
     <span class='ocr_line' id='line_1_29' title="bbox 196 3321 1220 3418; baseline -0.002 -18"><span class='ocrx_word' id='word_1_223' title='bbox 196 3331 317 3401; x_wconf 75' lang='lat' dir='ltr'><strong>emissas</strong></span> <span class='ocrx_word' id='word_1_224' title='bbox 347 3360 365 3398; x_wconf 93' lang='lat' dir='ltr'><strong>a</strong></span> <span class='ocrx_word' id='word_1_225' title='bbox 394 3337 582 3418; x_wconf 80' lang='lat' dir='ltr'><strong>Magantiaco</strong></span> <span class='ocrx_word' id='word_1_226' title='bbox 604 3337 785 3401; x_wconf 86' lang='lat' dir='ltr'><strong>Batavorum</strong></span> <span class='ocrx_word' id='word_1_227' title='bbox 820 3321 981 3412; x_wconf 87' lang='lat' dir='ltr'><strong>cobortes,</strong></span> <span class='ocrx_word' id='word_1_228' title='bbox 1015 3338 1220 3398; x_wconf 84' lang='lat' dir='ltr'><strong>dissimulatos</strong></span> 
     </span>
    </p>
   </div>
   <div class='ocr_carea' id='block_1_6' title="bbox 186 3586 1319 3942">
    <p class='ocr_par' dir='ltr' id='par_1_13' title="bbox 196 3586 1319 3747">
     <span class='ocr_line' id='line_1_30' title="bbox 264 3586 1319 3658; baseline 0.004 -20"><span class='ocrx_word' id='word_1_229' title='bbox 264 3590 338 3656; x_wconf 50' lang='lat' dir='ltr'><strong>ate</strong></span> <span class='ocrx_word' id='word_1_230' title='bbox 366 3603 435 3640; x_wconf 76' lang='lat' dir='ltr'><strong>unus</strong></span> <span class='ocrx_word' id='word_1_231' title='bbox 463 3587 484 3639; x_wconf 86' lang='lat' dir='ltr'>C</span> <span class='ocrx_word' id='word_1_232' title='bbox 515 3591 638 3644; x_wconf 76' lang='lat' dir='ltr'><strong>serravit.</strong></span> <span class='ocrx_word' id='word_1_233' title='bbox 683 3591 748 3644; x_wconf 80' lang='lat' dir='ltr'><strong>Mox</strong></span> <span class='ocrx_word' id='word_1_234' title='bbox 779 3590 859 3658; x_wconf 80' lang='lat' dir='ltr'><strong>vulgo</strong></span> <span class='ocrx_word' id='word_1_235' title='bbox 893 3586 1144 3644; x_wconf 69' lang='lat' dir='ltr'><strong>duodevicesimus:</strong></span> <span class='ocrx_word' id='word_1_236' title='bbox 1176 3589 1218 3646; x_wconf 83' lang='lat' dir='ltr'><strong>Cf.</strong></span> <span class='ocrx_word' id='word_1_237' title='bbox 1309 3645 1319 3657; x_wconf 70' lang='grc'><em>,</em></span> 
     </span>
     <span class='ocr_line' id='line_1_31' title="bbox 196 3671 1157 3747; baseline -0.001 -15"><span class='ocrx_word' id='word_1_238' title='bbox 196 3680 230 3732; x_wconf 81' lang='lat' dir='ltr'><strong>ad</strong></span> <span class='ocrx_word' id='word_1_239' title='bbox 250 3681 302 3744; x_wconf 87' lang='lat' dir='ltr'><strong>lv,</strong></span> <span class='ocrx_word' id='word_1_240' title='bbox 319 3684 361 3747; x_wconf 76' lang='lat'><strong>35.</strong></span> <span class='ocrx_word' id='word_1_241' title='bbox 1154 3671 1157 3676; x_wconf 41' lang='lat'>¹</span> 
     </span>
    </p>

    <p class='ocr_par' dir='ltr' id='par_1_14' title="bbox 186 3772 1216 3942">
     <span class='ocr_line' id='line_1_32' title="bbox 264 3772 1216 3845; baseline -0.002 -17"><span class='ocrx_word' id='word_1_242' title='bbox 264 3777 306 3830; x_wconf 74' lang='lat' dir='ltr'><strong>ab·</strong></span> <span class='ocrx_word' id='word_1_243' title='bbox 321 3772 438 3845; x_wconf 79' lang='lat' dir='ltr'><strong>pavidus</strong></span> <span class='ocrx_word' id='word_1_244' title='bbox 459 3775 587 3833; x_wconf 80' lang='lat' dir='ltr'><strong>Picbeua:</strong></span> <span class='ocrx_word' id='word_1_245' title='bbox 605 3781 697 3833; x_wconf 68' lang='grc' dir='ltr'><strong>ΑΜΒ</strong></span> <span class='ocrx_word' id='word_1_246' title='bbox 717 3779 840 3830; x_wconf 81' lang='lat' dir='ltr'><strong>navibus.</strong></span> <span class='ocrx_word' id='word_1_247' title='bbox 861 3775 924 3827; x_wconf 83' lang='lat' dir='ltr'><strong>Mox</strong></span> <span class='ocrx_word' id='word_1_248' title='bbox 939 3775 1216 3842; x_wconf 64' lang='lat' dir='ltr'><strong>premebantlBlF:</strong></span> 
     </span>
     <span class='ocr_line' id='line_1_33' title="bbox 186 3852 706 3942; baseline -0.004 -18"><span class='ocrx_word' id='word_1_249' title='bbox 186 3870 342 3942; x_wconf 68' lang='lat' dir='ltr'><strong>sternebant</strong></span> <span class='ocrx_word' id='word_1_250' title='bbox 359 3870 507 3924; x_wconf 75' lang='lat' dir='ltr'><strong>Rhenanus-</strong></span> <span class='ocrx_word' id='word_1_251' title='bbox 702 3852 706 3856; x_wconf 90' lang='lat'><strong>.</strong></span> 
     </span>
    </p>
   </div>
   <div class='ocr_carea' id='block_1_7' title="bbox 0 0 1448 4726">
    <p class='ocr_par' dir='ltr' id='par_1_15' title="bbox 0 0 1448 4726">
     <span class='ocr_line' id='line_1_34' title="bbox 0 0 1448 4726; baseline 0 3"><span class='ocrx_word' id='word_1_252' title='bbox 0 0 1448 4726; x_wconf 95' lang='lat' dir='ltr'><strong> </strong></span> 
     </span>
    </p>
   </div>
  </div>
 </body>
</html>
