2912 4730
234 403 293 482 154
328 391 330 396 ’
601 381 885 468 neronianum

70 604 98 672 (a
116 599 144 654 C.
161 601 217 674 69.)
231 613 314 672 esse,
333 592 386 672 qui
407 609 504 671 nuper
524 581 659 648 Bedriaci
682 586 824 650 victoriae
850 587 1078 662 temperassent.
1118 576 1186 653 Sed¹
1207 577 1261 638 ubi

231 698 360 762 Caecina
379 705 534 778 praetexta
557 695 772 776 lictoribusque
794 691 920 774 insignis
942 690 1055 767 dimota
1075 683 1168 748 turba
1187 703 1261 746 cnu-

230 803 295 870 sul.
311 805 451 889 incessit,
489 821 625 863 exarsere
652 802 802 862 victores:
841 795 1015 878 superbiam
1044 792 1262 872 saevitiamque

232 910 320 990 (eden
350 909 448 972 invise
476 908 591 972 seelera
621 912 725 990 sunt),
761 909 852 970 etiam
870 903 1027 986 perfidiam
1056 901 1259 962 obiectabaut.

183 1051 184 1056 ¹
233 1018 362 1084 Obstitit
381 1019 545 1097 Antonius,
574 1017 710 1102 datisque
740 1015 948 1100 defensoribus
977 1011 1017 1074 ad
1045 1011 1291 1092 Vespasianum5

232 1126 358 1192 dimisit.
427 1161 430 1166 ·
1172 1136 1177 1148 “

315 1234 407 1298 Plebs
422 1236 546 1317 interim
567 1235 816 1298 Cremonensium
845 1234 926 1296 inter
952 1238 1084 1292 armatos
1106 1219 1330 1300 conflicta-3&

145 1411 151 1426 Ι
233 1339 341 1413 butum
370 1361 427 1402 neo
460 1340 570 1420 procul
590 1338 682 1400 caede
710 1335 853 1410 aberant,
889 1357 959 1404 cnm
985 1335 1123 1418 precibus
1152 1332 1264 1394 dueum

233 1447 389 1526 mitigatus
424 1456 470 1508 est
492 1444 601 1514 miles.
627 1447 669 1508 Et
698 1455 824 1506 vocatos
848 1443 887 1504 ad
917 1444 1095 1504 concionem
1116 1442 1266 1504 Antonius

235 1549 425 1632 adloquitur,
447 1549 602 1633 magnifiee
620 1552 770 1628 victores,
803 1548 900 1612 victos
922 1539 1102 1626 elementer,
1132 1547 1172 1612 de
1192 1549 1315 1620 Cre-10

235 1679 328 1724 moun
356 1659 388 1722 iu
417 1665 569 1720 neutrum.
609 1655 768 1720 Exercitus
801 1667 923 1737 praeter
950 1653 1074 1716 insitam
1103 1653 1268 1736 praedandi

237 1764 412 1846 cupidinem
430 1773 534 1835 vetere
555 1762 628 1826 odio
659 1764 700 1828 ud
718 1763 869 1827 excidium
897 1761 1151 1824 Cremonensium
1179 1765 1267 1822 ineu.

237 1873 317 1934 huit.
349 1873 473 1936 ·luvisse
490 1882 591 1956 partes
613 1872 790 1938 Vitellianas
807 1873 940 1933 Othonis
960 1891 1083 1952 qnoque
1104 1869 1187 1932 bello
1199 1891 1267 1932 ore-

237 1978 409 2064 debaotur'3
439 2005 511 2045 mox
530 1982 804 2046 tertiadeeumsuos
840 1979 879 2043 ad
907 1979 1123 2042 exstruendum
1148 1978 1267 2060 emphi-

237 2090 393 2186 tbemrum
414 2091 547 2168 relictos,
571 2101 606 2152 ut
626 2102 696 2154 sunt
715 2093 858 2173 procacia
878 2089 1013 2150 urbanae
1023 2089 1120 2170 plebis
1139 2087 1267 2168 ingenis,
1280 2097 1316 2158 15

235 2197 443 2280 petulantibus
461 2198 569 2281 iurgiis
587 2198 759 2260 illuserant.
799 2197 889 2258 Auxit
908 2197 1055 2258 inuidiam
1076 2196 1191 2256 editum
1204 2192 1268 2254 illic

237 2327 258 2368 a
279 2305 408 2368 Caecina
429 2306 633 2390 gladiatorum
651 2299 868 2389 spectaculum,
880 2329 881 2334 ¹
893 2305 1059 2385 eademque
1082 2323 1185 2363 rursus
1196 2302 1268 2363 belli

238 2409 343 2488 sedes,
364 2421 395 2472 et
414 2411 541 2492 praebiti
561 2413 593 2474 iu
613 2413 681 2474 acie
701 2411 876 2475 Vitellianis
897 2412 973 2488 cibi,
996 2430 1099 2480 caesae
1119 2411 1267 2492 quaedam

236 2517 370 2582 feminae
385 2519 484 2580 studio
504 2508 636 2600 partium
657 2519 696 2582 ad
728 2520 876 2600 praelium
905 2541 1092 2602 progressae.
1133 2521 1268 2601 Tempus

241 2647 363 2708 quoque
384 2626 533 2690 mercatus
551 2630 644 2692 ditem
673 2631 786 2710 alioqui
816 2628 966 2691 coloniam
994 2630 1143 2690 maiorum
1175 2647 1318 2710 opum-ao

241 2735 343 2816 specie
371 2731 552 2814 complebat.
594 2735 695 2796 Ceteri
721 2733 813 2808 duces
846 2734 880 2794 in
912 2735 1061 2796 msceres
1099 2733 1269 2796 Antonium

242 2840 366 2900 fortuna
395 2839 533 2920 famaque
559 2825 698 2902 omnium
722 2835 831 2900 'oculis'
854 2852 1038 2920 exposuerat.
1080 2843 1109 2903 ls
1136 2841 1269 2902 balineas

239 2943 396 3008 abluendo
414 2949 517 3010 cruori
539 2932 772 3030 propere‘petit.
813 2948 944 3034 Excepta
960 2961 1084 3030 voxest,
1105 2928 1269 3032 cumtepn-

197 3135 201 3145 .
243 3075 311 3118 rem
329 3056 502 3136 incusaret,
537 3059 637 3118 statim
654 3055 801 3116 futurum
820 3067 855 3118 ut
879 3058 1103 3122 incalescerent.
1146 3055 1271 3120 Vernile

244 3162 362 3225 dietum
384 3183 505 3224 omnem
526 3163 672 3227 invidiam
694 3166 725 3224 in
749 3185 817 3228 eum
840 3169 950 3241 vertit,
979 3177 1124 3248 tanquam
1153 3168 1319 3246 siguumaS
1434 3167 1435 3240 l

245 3265 458 3332 incendendae
475 3271 643 3333 Cremonae
662 3268 800 3350 dedisset,
820 3293 897 3355 quae
917 3275 978 3336 ium
999 3270 1156 3352 flagrabat.
1186 3273 1270 3351 Qua·
1283 3267 1336 3346 33

247 3375 386 3458 draginta
416 3387 603 3444 armatorum
629 3377 711 3441 milia
731 3380 881 3466 irrupere,
911 3381 1052 3440 calonum
1085 3358 1274 3461 lixarumdue

238 3484 380 3567 ,amplior
402 3505 543 3548 numerus
566 3497 597 3548 et
617 3488 650 3548 iu
671 3487 826 3551 libidinem
846 3511 882 3550 ae
899 3487 1057 3550 ¹stn'evitinm
1089 3487 1272 3568 corruptior.

194 3579 197 3590 ⁴
248 3592 320 3656 Nou
340 3595 493 3678 dignitas,
524 3615 586 3656 uon
614 3605 696 3658 aetas
725 3597 920 3679 protegebat,
948 3613 1009 3676 qun
1038 3595 1139 3656 minus
1167 3603 1271 3674 stupra

242 3703 407 3778 aedibus,
436 3705 540 3766 caedes
567 3705 678 3788 stupris
699 3707 905 3792 miscerentur.
948 3701 1145 3765 Grandaevos
1176 3717 1270 3776 senes,
1283 3695 1321 3756 bo

249 3820 350 3906 exacta
374 3819 469 3872 aetate
487 3811 626 3891 feminas,
649 3813 722 3876 viles
743 3813 782 3874 ad
804 3809 958 3893 praedam,
978 3809 1009 3872 iu
1030 3809 1194 3872 ludibrium
1210 3819 1272 3871 tra·

322 4051 362 4087 ao.
380 4035 513 4092 maiorum
531 4039 564 4092 B:
582 4036 626 4090 lda
646 4035 782 4088 maiorem.
