2880 4720
198 387 261 454 394
282 333 286 342 Ι
335 435 338 454 ,
519 387 576 448 DE
593 385 869 448 eustosinus

124 561 152 582 ”’
199 569 310 650 Magna
331 565 517 646 eloquentia,
539 567 618 624 sicut
638 563 777 640 flamma,
798 565 923 622 materia
944 561 1039 622 alitur
1072 571 1103 622 et
1134 563 1228 622 moti·
1243 563 1300 640 36

199 675 258 736 bus
278 674 425 734 excitatur
447 683 477 733 et
496 672 614 732 urendo
634 669 780 732 clarescit.
821 669 936 730 Eadem
956 671 1033 729 rstio
1064 667 1096 727 in
1125 679 1229 730 nostra

199 799 319 860 quoque
339 778 462 839 civitate
490 779 685 859 antiquorum
716 778 919 859 eloquentiam
950 776 1107 860 provexit.
1152 775 1230 835 Nam

201 886 255 946 etsi
275 885 385 946 horum
406 905 529 967 quoque
544 894 715 966 temporum
743 895 880 945 oratores
900 903 937 944 ea
963 881 1122 946 consecuti
1152 893 1231 958 suut,

202 1015 281 1078 qnae
301 997 469 1075 composita
491 1005 522 1054 et
541 995 644 1077 quieta
675 1005 705 1054 et
732 993 820 1053 beata
853 1013 887 1053 re
917 989 1039 1072 publica
1066 991 1162 1052 tribui
1189 991 1263 1056 fas5

202 1111 287 1179 crat,
308 1113 410 1163 tamen
433 1100 483 1162 iila
504 1100 734 1183 perturbatione
756 1121 791 1160 ac
812 1098 936 1160 licentia
957 1097 1046 1180 plura
1067 1097 1125 1159 sibi
1148 1119 1230 1158 asse-
1255 1100 1258 1104 ’

204 1209 257 1290 qui
279 1195 482 1278 videbantur,
505 1228 575 1268 cum
599 1209 698 1270 mixtis
721 1207 860 1268 omnibus
882 1218 914 1268 et
954 1206 1142 1268 moderatore
1169 1227 1232 1266 uno

203 1315 376 1376 carentibus
395 1324 513 1374 tantum
541 1315 670 1396 quisque
699 1325 803 1376 orator
828 1323 967 1396 saperet,
1003 1326 1153 1396 quantum
1181 1333 1233 1373 er-

168 1425 173 1456 ”
200 1425 284 1482 ranti
301 1417 417 1502 populo
434 1420 608 1500 persuaderi
627 1430 753 1501 poterat.
798 1420 876 1480 Hinc
889 1420 967 1500 leges
976 1417 1112 1479 assiduae
1134 1427 1166 1478 et
1176 1439 1233 1498 po·

204 1526 312 1607 pclare
334 1545 454 1599 nomeu,
477 1525 549 1585 hino
569 1527 728 1585 conciones
748 1525 980 1608 magistratuum
1000 1546 1081 1606 pene
1102 1546 1233 1606 pernoc-
1249 1551 1287 1591 ιο

205 1633 336 1692 tantiam
356 1633 387 1690 in
405 1632 529 1708 rostris,
549 1630 622 1690 hinc
642 1634 849 1692 accusationes
869 1634 1041 1713 potentium
1062 1639 1186 1693 reorum
1201 1643 1234 1694 et

162 1741 165 1748 ’
205 1737 367 1818 assignatae
387 1737 478 1797 stiam
499 1737 640 1798 domibus
666 1737 857 1816 inimicitiae,
891 1739 964 1799 hinc
989 1759 1150 1820 procerum
1171 1739 1235 1799 lac-

205 1848 302 1906 tiones
321 1857 352 1906 et
373 1845 626 1926 assiduasenatus
646 1846 791 1908 adversus
811 1845 933 1928 plebem
946 1847 1124 1912 certamina.
1148 1849 1236 1926 Quae

185 1951 321 2033 'singula
342 1954 397 2014 etsi
419 1951 627 2014 distrahebant
645 1975 709 2014 rem
732 1952 897 2035 publicam,
928 1955 1106 2018 exercebant
1133 1966 1235 2015 tamen

205 2051 326 2122 illorum
348 2071 523 2142 temporum
543 2061 745 2142 eloquentiam
765 2072 796 2122 et
816 2061 930 2144 magnis
954 2065 1107 2124 cumulare
1144 2069 1288 2144 prae-15

207 2167 273 2228 miis
294 2153 487 2245 videbantur,
508 2167 580 2248 quis
603 2175 718 2246 quanto
738 2167 947 2249 qnisqueplus
959 2167 1089 2230 dicendo
1101 2180 1237 2250 poterat,

191 2276 293 2336 'tanto
315 2273 435 2336 facilius
456 2274 587 2334 honores
607 2273 842 2355 assequebatur,
872 2283 958 2357 tanto
979 2275 1073 2358 magis
1102 2277 1135 2337 in
1164 2277 1238 2358 ipsis

206 2378 376 2441 honoribus
395 2377 524 2462 collegas
544 2401 615 2441 suos
633 2381 786 2458 anteibat,
821 2389 909 2442 tanto
938 2379 1006 2462 plus
1035 2382 1117 2464 apud
1149 2385 1237 2466 prin·

205 2490 285 2569 cipes
308 2480 440 2571 gratiae,
463 2487 530 2569 plus
551 2489 741 2550 auctoritatis
761 2489 845 2572 apud
865 2500 984 2572 patres,
1014 2491 1081 2570 plns
1113 2469 1239 2552 notitiae

206 2615 242 2654 ac
264 2595 394 2679 nominis
416 2591 496 2676 apud
517 2595 638 2676 plebem
660 2596 798 2678 parabat.
844 2597 885 2658 Hi
904 2597 1052 2660 clientelis
1074 2575 1163 2658 etiam
1186 2621 1289 2662 err-ao

207 2711 343 2761 terarum
367 2701 524 2760 nationum
546 2701 868 2782 redundabant3-bos
899 2704 971 2782 ituri
1002 2709 1032 2766 in
1052 2707 1240 2788 ,provincias

113 2847 121 2874 s
209 2803 401 2888 magistratus
423 2809 663 2886 reverebantur,
698 2809 754 2870 hos
784 2811 899 2870 reversi
930 2809 1093 2892 colebant3
1127 2813 1182 2874 hos
1208 2827 1241 2878 et

154 2917 159 2933 '
208 2925 369 2996 praeturae
389 2925 418 2975 et
441 2917 614 3001 consulatus
649 2937 758 2978 vocare
782 2915 862 2979 ultro
898 2919 1104 3000 videbantnr3
1134 2923 1166 2983 hi
1201 2945 1240 2986 ne

207 3021 319 3103 privati
340 3022 462 3102 quidem
484 3012 549 3084 sine
565 3035 713 3106 potestate
744 3037 847 3103 erant,
883 3049 952 3090 curn
981 3039 1011 3088 ct
1038 3028 1184 3111 populum
1209 3013 1240 3094 et

208 3139 344 3192 senatum
367 3128 490 3190 consilio
514 3142 544 3193 et
562 3131 744 3194 anctoritate
767 3145 921 3215 regerent.
967 3136 1161 3212 Quinimmo
1181 3137 1292 3202 sibi25

216 3255 491 3276 mar*
594 3270 595 3279 ,

206 3307 266 3360 lore
283 3307 367 3372 dicit,
400 3317 431 3362 ut
447 3313 506 3380 ipse
523 3309 625 3380 Aprum
652 3310 753 3382 poetis,
783 3311 902 3366 Messala
929 3309 1048 3366 eundem
1075 3314 1237 3384 antiquariis

192 3401 429 3468 criminarentur:
456 3403 506 3456 aed
534 3404 606 3474 Aper
632 3403 667 3457 ad
685 3406 839 3464 Maternum
866 3423 897 3459 ac
923 3407 1065 3460 Messalam
1094 3411 1238 3460 conversus
1328 3435 1330 3440 ·

206 3502 294 3564 „ego“
306 3496 406 3568 inquit
423 3513 487 3560 „vos
506 3496 659 3552 rhetoribus
680 3507 708 3551 et
726 3500 895 3554 scholasticis
915 3501 1133 3571 (criminabor).“
1156 3500 1237 3551 Vides

207 3603 300 3642 omnes
324 3593 373 3662 qui
390 3590 572 3643 locuti-erant
595 3595 811 3658 commemorari,
838 3595 992 3648 Secundum
1010 3575 1167 3664 ceterosque
1188 3595 1236 3662 qui

204 3681 350 3736 audierant
366 3681 482 3734 silentio¹
495 3685 650 3734 transmitti.
687 3684 770 3736 Aliud
789 3685 875 3738 saltas
895 3685 971 3740 iilius
990 3676 1136 3759 opinionis
1148 3687 1236 3740 admi·

207 3776 328 3830 uitulum
348 3773 423 3826 ade
447 3777 493 3843 lo..
509 3778 640 3832 subruere
657 3779 753 3848 placet.

272 3880 319 3919 ao.
337 3865 456 3932 parabat
474 3866 597 3936 Lipsius:
619 3869 638 3922 F
657 3870 800 3941 probabat.

181 3968 184 4033 ξ
277 3959 319 4030 al.
337 3956 446 4030 quidest
465 3963 516 4035 qui
532 3964 593 4018 sine
610 3965 639 4016 F.
664 4035 667 4042 ,
792 3965 794 3968 ’
