2912 4730
461 407 465 416 “
533 382 786 522 aetiten,
816 405 955 490 50455.
1047 443 1049 449 ·
1213 421 1268 493 mi

244 575 437 685 rit-ambigua
455 573 659 666 'disserentem
679 594 798 666 invasit.
838 605 899 666 Neo
916 603 1006 666 ceteri
1017 601 1177 662 sententias
1197 617 1268 680 ape
1283 612 1313 682 (a
1298 609 1359 662 ιο
1377 608 1435 677 69.)

245 708 384 772 riebant.
404 711 456 772 sed
478 711 614 802 inrisum
631 732 775 774 memoria
788 711 971 772 delationum
993 711 1219 792 expositumque
1233 705 1271 767 ad
1337 768 1341 779 ,

136 832 138 838 ’
244 817 389 904 invidiam
412 817 549 880 Marcelli
571 817 679 880 nomen
702 822 882 880 irritaverat
891 805 1077 896 Caecinam,
1112 827 1147 876 ut
1176 835 1271 874 novus

220 925 343 1008 'adhue
367 939 396 988 et
417 927 448 988 in
469 931 605 990 senatum
631 949 730 1008 nuper
756 903 885 987 adscitus
898 927 1009 1007 magnis
1031 899 1271 987 inimicitiiscla·

216 1030 380 1096 5resceret.
415 1035 632 1096 Moderatione
653 1031 814 1093 meliorum
826 1031 974 1115 dirempti
1015 1033 1056 1094 Et
1080 1031 1195 1094 rediere
1205 1050 1272 1091 om

244 1159 298 1200 nes
317 1138 502 1216 Bononiam,
528 1159 634 1199 rursus
658 1137 862 1214 consiliaturi;
878 1137 980 1198 sirnnl
1013 1137 1110 1198 medio
1129 1141 1271 1220 temporis
1334 1151 1336 1158 '

245 1247 348 1329 plures
369 1247 469 1304 nuntii
490 1243 699 1325 sperabantur,
741 1243 914 1316 Bnnoniae,¹
948 1242 1050 1304 divisis
1079 1265 1135 1324 per
1165 1244 1271 1304 itinera

247 1349 298 1429 qui
319 1349 558 1409 recentissimum
580 1366 729 1430 quemque
749 1357 1046 1428 percunctarentur,
1069 1352 1271 1431 interrogatus

245 1455 378 1518 Othonis¹
397 1453 523 1518 libertus
545 1463 665 1518 cansam
689 1457 848 1538 digressus,
871 1456 986 1517 hahere
1003 1477 1034 1516 se
1056 1479 1194 1539 suprema
1208 1459 1271 1518 eins

175 1541 576 1644 ''abmanduta'respoodiu
590 1564 700 1645 ‘ipsum
720 1565 874 1625 virentem
895 1564 1015 1644 quidem
1037 1563 1196 1636 relictum,
1218 1567 1271 1625 secl

139 1659 142 1664 ¹
241 1667 305 1754 sola
325 1659 606 1752 posteritatis‘eura
626 1681 656 1732 et
678 1671 815 1754 abruptis
838 1673 918 1756 vitae
938 1671 1161 1734 blandimentis.
1195 1672 1270 1730 ilinc

242 1779 401 1839 admiratio
421 1790 450 1840 et
460 1777 548 1862 plura
563 1780 770 1862 interrogandi
784 1765 883 1858 putei
889 1799 898 1855 3
919 1791 1010 1861 atque
1031 1779 1166 1846 omniurn
1177 1778 1270 1838 animi
1336 1829 1338 1834 .

176 1873 452 1974 ¹5lrin'Vitellium
489 1883 687 1969 inclinavere:
745 1888 892 1946 Intererat
920 1885 1051 1946 consiliis
1083 1888 1179 1948 sratcr
1207 1887 1271 1946 eius

224 1995 351 2080 '‘Itucins
381 1987 541 2070 Vitellius,
570 2015 663 2078 seque
692 1995 751 2080 iarn
781 1993 973 2084 adulantibus
1004 1992 1168 2070 offerebat,
1200 2011 1271 2052 cum

195 2094 366 2181 15repente
392 2099 510 2160 Coenus
531 2096 670 2161 libertus
666 2099 794 2162 Neronis
817 2105 910 2160 atroci
934 2098 1093 2158 mendacio
1114 2099 1271 2180 universus

241 2205 386 2294 perculit,
410 2203 562 2264 affirmans
583 2219 767 2304 superventu
799 2215 927 2288 quartae
957 2205 1099 2264 decumae
1130 2203 1267 2285 legionis,

242 2315 352 2374 iunctis
374 2334 391 2370 a
411 2307 541 2380 Brixello
563 2311 699 2388 viribus,
722 2328 823 2370 caesos
843 2312 980 2387 victores,
1003 2329 1117 2370 versam
1138 2313 1268 2392 partium

173 2491 178 2504 β
189 2421 409 2482 t'or.tnnam
460 2414 555 2477 Causa
583 2357 716 2498 fingendi
748 2413 826 2492 fuit,
863 2427 896 2475 ut
925 2412 1100 2497 diplomata
1120 2417 1265 2494 Othonis,

229 2545 325 2608 ,quae
354 2523 610 2605 neglegebantur,
649 2520 771 2582 laetiore
810 2521 917 2582 nuntio
948 2522 1188 2592 revalescerent.·
1224 2528 1269 2608 ‘Et

192 2606 359 2693 aocoen'us
379 2633 502 2714 quidem
524 2631 628 2711 rapide
646 2630 676 2688 in
703 2629 808 2689 urbem
831 2640 943 2692 ¹vectus
969 2653 1080 2713 paitcos
1108 2645 1175 2716 post
1195 2634 1269 2695 adies

242 2743 325 2802 iussu
348 2737 462 2800 Vitellii
483 2741 594 2820 poenas
616 2737 682 2798 luit.
726 2739 906 2800 Senatorum
936 2739 1102 2820 periculum
1134 2751 1265 2814 anctum,

243 2849 435 2908 credentibus
454 2846 638 2907 Othonianis
658 2823 803 2908 rnililib'us
825 2867 895 2907 uera
919 2861 981 2908 esse
1001 2871 1078 2930 qnae
1100 2849 1267 2909 affereban-

181 3030 183 3038 Υ
244 2965 305 3016 tur.
350 2950 529 3013 intendebat
562 2951 752 3012 formidinem
785 2956 864 3047 quod
898 2955 1010 3036 publici
1044 2959 1159 3016 consilii
1191 2959 1266 3018 facie

246 3061 408 3122 discessum
429 3059 545 3148 Mutina
566 3057 756 3139 desertaeque
777 3071 876 3141 partes
896 3062 1024 3122 for·t.·en
1051 3063 1112 3121 Nec
1136 3056 1239 3121 ultra
1234 3083 1264 3122 ιιι

193 3164 234 3230 25
246 3183 404 3230 commune
417 3167 572 3248 congressi
594 3165 648 3223 sibi
669 3167 829 3264 quisque
826 3167 1001 3238 consulere,
1032 3167 1135 3227 donec
1157 3167 1264 3230 missae

244 3275 367 3336 aFabro
378 3272 506 3335 Valente
526 3271 666 3358 epistolae
677 3271 830 3334 demerent
851 3284 973 3338 metum.
1015 3276 1054 3336 Et
1074 3295 1153 3333 mors
1167 3275 1286 3358 otha,
1331 3298 1337 3314 ι

194 3434 196 3438 ,
243 3384 291 3444 nis
308 3404 368 3466 quo
393 3377 575 3441 laudabilior
587 3399 653 3466 ,eo
670 3380 801 3440 velocius
822 3383 935 3444 audita.

175 3480 230 3560 55
260 3511 261 3514 ’
324 3487 364 3568 At
384 3485 499 3572 Rornae
520 3483 836 3566 nihiltrepidationis3
868 3485 1005 3550 Cereales
1038 3485 1101 3546 ludi
1122 3473 1262 3552 ex'rnore

230 3571 461 3678 spectabantur.
503 3590 547 3662 Ut
585 3593 704 3652 cessisse
724 3594 895 3671 Othonem,
925 3607 953 3656 et
982 3616 998 3652 a
1024 3591 1127 3656 Flavio
1149 3597 1261 3660 Sabino
1305 3655 1309 3660 .

241 3699 392 3780 praesecto
410 3697 499 3784 urbis·
519 3697 598 3778 quod
617 3709 680 3759 erat
699 3703 730 3760 in
752 3701 827 3762 urbe
846 3703 1184 3781 militumsacrameuto
1205 3705 1261 3768 Vi-

250 3945 254 3954 ·
311 3939 352 3976 no.
369 3925 464 3996 rapide
483 3927 515 3978 in
535 3852 604 3976 :lt
624 3923 685 3979 alii:
707 3927 832 3997 rapidum
853 3928 903 3982 Mil.
921 3930 996 3982 idem
1016 3935 1056 3985 28.
1079 3931 1205 3986 Ceriales·

312 4020 352 4072 30.
370 4018 414 4072 Mar
425 4021 462 4072 ¹in
485 4033 655 4076 sacramento
673 4035 733 4074 cum
752 4023 902 4094 plerisque:
921 4027 951 4078 iri
968 4027 1099 4096 expunxit
1110 4024 1258 4075 Rhenanus·

248 3831 470 3848 W
