2914 4724
442 415 445 426 ’
536 457 616 554 (nra.
648 457 671 516 1.
694 454 787 518 car.
819 421 964 535 rs-rr.'
1162 461 1166 468 ·
1203 454 1243 518 es

215 639 296 712 (nam
317 645 348 700 et
365 636 397 700 bi
417 635 506 700 malis
526 620 711 720 temporibus
742 645 861 718 partem
884 614 928 696 ¹se
958 633 1003 696 rei
1029 623 1170 714 publicas
1200 631 1245 692 sa·
1258 631 1325 700 (ssl-
1348 631 1404 698 ‘lul

215 743 310 819 ciunt)
331 742 454 826 epulum
475 743 558 825 plebi
580 743 620 804 ob
641 741 785 804 laetitiam
817 741 950 804 recentis
982 739 1100 821 imperii
1128 735 1247 798 obtule·

214 855 280 922 rat,
304 855 333 906 et
353 847 485 928 populus
504 847 650 932 pleraque
673 849 741 909 sine
766 847 860 908 modu
880 843 1044 908 festinavit.
1087 841 1248 924 Carthagi·

215 969 285 1012 nem
309 961 428 1014 ceterae
448 953 585 1013 civitates
606 964 736 1012 secutae.

122 1116 125 1124 ,
149 1047 204 1128 77
297 1061 348 1128 sic
370 1063 523 1124 distractis
538 1061 718 1122 exercitibus
739 1079 774 1120 ac
794 1058 968 1140 provinciis,
988 1056 1114 1118 Vitellio
1124 1057 1248 1139 quidem

216 1165 255 1228 ad
277 1169 490 1249 capessendam
504 1168 691 1249 principatus
703 1169 856 1228 fortunam
878 1165 958 1227 bello
970 1187 1045 1248 opus
1058 1175 1135 1241 erat,
1150 1165 1247 1237 Otho,

220 1283 256 1332 nt
280 1273 311 1332 in
333 1276 428 1335 multa
449 1295 525 1356 pace
544 1279 647 1336 niuniu
676 1275 795 1357 imperii
816 1276 937 1350 obibat,
967 1271 1116 1354 quaedam
1137 1293 1171 1332 ex
1200 1271 1249 1332 di.

217 1377 335 1460 gnitate
351 1381 553 1462 reipublicae,
575 1381 718 1464 pleraque
738 1381 945 1443 contradecus
966 1403 1001 1442 cx
1024 1383 1174 1463 praesenti
1192 1399 1249 1440 usn
1293 1434 1296 1442 ,

214 1487 422 1570 ριόρειίιιιάο.Ι
458 1485 571 1550 Consul
592 1507 662 1549 cum
684 1486 809 1549 Titiano
832 1489 923 1550 fratre
944 1489 976 1548 in
999 1487 1141 1550 calendas
1165 1468 1250 1549 Mar-

168 1591 267 1654 toties
288 1593 367 1672 ipse3
389 1595 537 1674 proximos
566 1616 690 1658 menses·
715 1595 863 1676 Verginio
898 1597 1028 1656 destinat
1057 1606 1093 1656 ut
1126 1595 1250 1678 aliquod

213 1694 546 1762 exercituiGermanico
562 1703 809 1766 delenimentum.
827 1742 828 1745 =
853 1704 1148 1786 lungituerrginio
1161 1703 1250 1762 Pom·

211 1805 296 1886 peius
316 1805 467 1888 Vopiscus
488 1814 645 1892 praetento
667 1811 780 1874 veteris
802 1811 974 1889 amicitiae,
998 1813 1136 1893 plerique
1151 1810 1249 1870 Vien-

210 1911 350 1970 nensIum
372 1913 481 1976 honori
503 1915 609 1977 datum
620 1917 914 2008 interpretabantur.
956 1915 1057 1978 Ceteri
1076 1912 1250 1976 consulatus

211 2037 247 2078 ex
281 2017 484 2081 destinatione
521 2023 653 2085 Neronis
672 2035 726 2084 aut
747 2022 863 2086 Galbae
890 2042 1045 2100 mansere,
1083 2019 1185 2082 Caelio
1217 2037 1251 2076 ac

167 2121 319 2188 ISFlavio
341 2121 460 2186 Sabinis
480 2126 513 2185 in
536 2127 652 2208 Iulias,
680 2105 779 2188 arrio
802 2127 961 2188 Antonino
989 2139 1019 2187 et
1041 2127 1140 2186 Mario
1164 2124 1252 2186 Celso

213 2229 246 2288 in
270 2227 476 2308 Septembres,
498 2233 632 2306 quorum
651 2231 764 2290 honori
785 2253 824 2291 ne
847 2229 991 2292 Vitellius
1011 2229 1133 2310 quidem
1154 2231 1251 2290 victor

213 2335 400 2396 intercessit.
447 2333 508 2394 Sed
530 2331 613 2394 Otho
635 2333 829 2416 pontificatus
852 2345 1077 2418 auguratusque
1096 2333 1251 2398 honoratis

213 2445 274 2504 iam
295 2442 418 2504 senibus
440 2437 598 2506 cumulum
631 2421 786 2525 diguitatis⁸
815 2439 953 2520 addidit,
987 2453 1040 2505 aut
1071 2457 1176 2506 recens
1210 2445 1249 2506 ab

213 2575 492 2600 ...μ-μ...-

304 2663 325 2699 ι.
346 2645 377 2698 1ιί
397 2645 530 2698 Picbena:
550 2645 709 2701 codieesim
990 2711 992 2720 Α

300 2760 325 2812 9.
349 2742 451 2796 Consul
475 2748 534 2793 cum
550 2743 670 2794 ¹Titiano
691 2739 783 2809 fratre
815 2743 847 2796 in
873 2727 1002 2796 caknrlai
1019 2743 1150 2815 ,Martias
1180 2741 1246 2814 ipse]

214 2834 281 2888 Iade
299 2852 315 2886 a
336 2835 468 2888 dictatura
490 2836 519 2886 C.
549 2833 613 2886 Iulii
640 2833 762 2886 Caesaris
791 2835 932 2888 consulare
958 2839 1102 2906 Imperium
1128 2852 1249 2887 annerum

215 2945 274 2982 esse
292 2927 389 2991 desiit,
417 2927 518 2980 assere
540 2927 590 2978 sub
616 2929 785 2998 principibus
812 2932 908 3000 quovis
936 2945 1006 2984 anuo
1033 2947 1080 2982 sex
1108 2932 1248 2984 consulum

214 3024 293 3095 paria
310 3037 423 3074 munere
444 3039 492 3073 suo
511 3022 549 3071 ita
565 3022 656 3073 functa
674 3031 737 3072 sunt
754 3029 785 3073 ut
815 3022 875 3073 bini
887 3063 893 3070 .
907 3023 988 3074 binos
1012 3039 1118 3075 menses
1144 3023 1249 3074 honore

217 3119 388 3182 fruerentur,
407 3111 451 3166 illi
469 3123 570 3179 autem,
588 3119 636 3188 qui
655 3115 775 3167 calendis
795 3116 929 3167 Ianuariis
947 3117 1131 3187 magistratum
1144 3119 1250 3180 ineunt,

217 3212 248 3262 in
277 3211 359 3262 fastos
389 3209 545 3262 referuntur
564 3225 595 3260 ae
612 3219 757 3280 propterea
783 3207 925 3264 ordinarii
951 3211 1133 3282 appellantur.
1170 3209 1248 3261 Cani.
1302 3246 1307 3254 s

215 3307 270 3358 Dio
290 3303 375 3356 XLIII
384 3344 392 3370 ,
411 3307 452 3374 46.
472 3305 598 3370 XLVIII,
624 3305 674 3360 36„
704 3299 843 3358 ordinarii
872 3304 955 3376 igitur
978 3302 1060 3360 huius
1090 3305 1156 3357 anni
1183 3315 1248 3357 tou·
1296 3352 1299 3356 .

216 3401 290 3454 sales
308 3401 385 3454 fuere
404 3400 492 3453 Galba
507 3415 539 3451 ac
558 3399 654 3452 Vinius
673 3398 753 3471 (Hist.
774 3403 803 3466 1,
834 3401 887 3474 u),
912 3403 960 3473 qni
986 3415 1048 3452 eum
1073 3401 1128 3451 iam
1154 3409 1247 3456 octavo

215 3496 323 3550 decimo
341 3497 465 3550 calendas
485 3497 645 3552 Februarias
661 3497 869 3564 occiderentur,
884 3497 1010 3552 consoles
1029 3497 1134 3547 suffecti
1153 3497 1183 3548 in
1204 3511 1248 3567 re·

170 3569 172 3577 ,
201 3593 305 3664 liquos
322 3592 381 3645 dies
402 3609 489 3662 nsque
508 3591 543 3642 ad
561 3591 687 3676 calendar
705 3593 817 3646 Martias
834 3594 911 3646 fuere
923 3591 996 3644 Otho
1017 3595 1045 3642 et
1059 3589 1143 3641 frater
1160 3589 1248 3640 Titia·

126 3701 129 3709 '
215 3703 285 3755 nus;
305 3689 443 3758 proximos
470 3685 593 3751 menses,
617 3685 745 3740 Martium
765 3695 793 3740 et
815 3689 946 3758 Aprilem,
968 3683 1041 3738 Otho
1063 3685 1191 3755 Verginio
1221 3675 1249 3735 et

216 3781 332 3850 Vopisco
352 3783 520 3848 destinavit,
538 3777 642 3844 bialum
660 3783 824 3855 Ioniumque
842 3783 937 3836 caelin
961 3797 993 3832 ac
1012 3781 1106 3834 Flavio
1128 3779 1249 3840 Sabinis,

216 3875 318 3928 lulium
336 3885 365 3929 et
384 3878 533 3946 Augustum
551 3877 690 3930 Antonino
707 3885 736 3930 et
744 3876 834 3930 Celso.
869 3877 911 3927 De
930 3869 1027 3930 ceteris
1046 3875 1166 3929 ciusdem
1181 3872 1248 3922 anui

217 3969 375 4024 consulibus
393 3973 464 4026 infra
483 3973 595 4026 'I'acitus
616 3973 729 4043 exponit
746 3973 788 4036 ll,
811 3989 855 4040 aa.
874 3973 917 4036 ll,
939 3977 983 4030 to.
1003 3973 1059 4034 Ill,
1085 3973 1125 4039 ³7·
1145 3965 1247 4034 68·.73·

290 4066 327 4119 15.
339 4063 430 4132 flabio
447 4067 550 4120 savinis
569 4065 629 4129 Ma,
647 4073 675 4120 et
697 4065 734 4118 16.
752 4065 875 4121 horroris.
936 4081 951 4094 a
1054 4101 1058 4110 .
