2912 4730
203 539 265 605 rsa
488 524 493 530 ·
581 528 872 620 nrsronrauun

202 716 262 766 sine
279 711 403 766 saevitia.
436 713 467 772 P.
485 711 621 768 Sabinum
638 712 737 764 vinciri
755 687 851 770 iubet,
867 709 986 769 tluninm
1005 707 1132 760 Blaesum
1158 705 1259 756 inter·-

200 805 256 862 fici.
291 806 394 862 Fabius
411 808 514 862 Valens
532 813 627 861 contra
645 807 796 860 Antonium
813 805 899 866 venit,
918 803 965 856 red
980 815 1079 871 pugna,
1095 799 1251 868 illamagua
1353 804 1357 808 ·

111 928 117 944 .
199 894 311 964 cognita
329 910 389 946 oum
407 896 502 966 paucis
520 896 644 966 aufugit,
662 902 690 949 et
709 897 738 950 in
756 896 825 948 nari
853 910 999 964 oppressus
1020 901 1072 948 est.
1107 893 1251 945 Britannia

200 989 330 1052 turbata,
348 991 416 1041 item
435 987 581 1040 Germania
601 995 629 1040 et
646 989 740 1042 Dacia.
776 989 937 1058 Vespasiani
967 987 1049 1040 duces
1069 986 1182 1038 Romam
1199 1002 1251 1054 pe·

200 1089 273 1136 tunt.
310 1082 441 1136 Vitellius
460 1081 575 1136 insideri
596 1082 772 1150 Apenninum
792 1063 878 1133 iubet.
916 1079 971 1133 Sed
999 1077 1069 1131 belli
1098 1098 1162 1133 mox
1187 1095 1250 1150 per-

200 1186 291 1230 taesus
322 1177 473 1249 paciscitur
500 1193 560 1227 curn
584 1173 687 1227 Sabino
709 1175 870 1244 Vespasiani
899 1174 991 1227 fratre.
1028 1172 1112 1244 Quod
1139 1181 1250 1244 pactum

200 1269 358 1321 Germanici
377 1271 481 1322 milites
500 1283 607 1338 rupere.
644 1266 779 1335 Sabinum
802 1271 832 1320 in
857 1269 1028 1339 Capitolium
1057 1269 1252 1339 compulerunt

168 1363 369 1419 x*obsederunt
400 1368 592 1432 expugnarunt
623 1345 815 1414 incenderunt.
851 1361 998 1428 Quaedam
1030 1378 1047 1414 a
1076 1363 1106 1416 L.
1134 1361 1250 1414 Vitellio

199 1454 283 1512 fratre
310 1458 443 1526 principis
468 1458 499 1506 in
516 1455 666 1523 Campania
696 1465 780 1524 gesta.
816 1455 942 1510 Tandem
968 1457 1133 1523 Vespasiani
1158 1472 1251 1510 omncs

201 1553 301 1620 copiae
323 1553 434 1603 Romam
454 1566 572 1612 venere,
601 1552 721 1619 pervim
740 1553 863 1605 etruria
881 1554 986 1621 praelia
1013 1557 1152 1624 ingressae
1178 1560 1250 1617 snut,

202 1648 349 1716 omniaque
367 1645 487 1701 libidine
507 1655 536 1700 et
554 1646 641 1700 caede
658 1647 815 1703 foedarunt
853 1647 928 1702 blora
946 1647 1036 1720 ipsius
1055 1647 1173 1705 Vitellii.

275 1737 359 1792 Gesta
379 1757 434 1794 uno
454 1742 708 1814 eodemqueanno.

16 2043 17 2054 ,
40 1977 191 2047 Tanain)
202 1951 352 2041 Meliore
378 1982 442 2041 fato
462 1981 582 2064 fideque
603 1982 738 2064 partium
757 1980 978 2043 Flavianarum
999 1981 1093 2042 doces
1122 1979 1248 2044 consilia

15 2085 16 2104 *
42 2067 69 2148 :a
83 2084 111 2137 C,
132 2087 190 2152 flu]
204 2091 277 2151 belli
297 2091 482 2152 tractabant.
526 2086 729 2154 Petovionem
752 2092 783 2152 io
805 2089 937 2152 hiberna
966 2087 1252 2163 tertiaedeeumae

199 2199 330 2281 ‚legionis
360 2210 581 2262 convenerant.
625 2199 692 2262 lllic
718 2203 894 2283 agitavere,
927 2197 1103 2283 placeretne
1133 2165 1253 2260 obstrui

202 2305 385 2366 Pannoniae
405 2303 517 2388 Alpes,
551 2305 650 2368 donec
673 2327 691 2367 a
713 2317 804 2391 tergo
825 2309 905 2368 vires
937 2308 1097 2368 universae
1124 2326 1253 2368 consur·

204 2425 332 2494 gerent,
354 2435 393 2473 an
415 2413 459 2472 ire
481 2415 652 2472 cornminus
672 2423 703 2472 et
725 2423 848 2476 certare
869 2433 930 2495 pro
951 2412 1039 2474 ltalia
1058 2408 1281 2475 constantiusfi

158 2495 160 2504 Ι
205 2523 295 2582 foret.
338 2520 457 2598 Quibus
476 2521 612 2602 opperiri
633 2519 744 2581 auxilia
756 2533 786 2583 et
797 2521 919 2582 trahere
939 2517 1057 2580 bellum
1074 2518 1250 2597 videbatur,

207 2629 459 2690 Germanicarum
488 2626 647 2707 legionum
676 2627 740 2688 vim
770 2625 946 2706 famamque
976 2624 1184 2703 extollebant,
1219 2634 1252 2688 et

206 2736 364 2796 advenisse
386 2754 457 2796 mox
477 2755 551 2796 cum
581 2733 708 2798 Vitellio
734 2734 905 2793 Britannici
932 2735 1081 2796 exereitus
1110 2735 1250 2796 roboras

100 2843 105 2850 ’
206 2844 278 2926 ipsis
293 2863 355 2902 neo
378 2863 539 2904 numerum
562 2863 670 2924 parem
690 2840 850 2922 pulsarum
884 2860 982 2925 nuper
1011 2841 1187 2927 legionum3
1221 2851 1253 2905 et

117 2950 123 2962 “
207 2969 383 3032 quanquam
404 2952 552 3012 atrociter
573 2951 788 3032 loquerentur,
808 2949 957 3012 minorem
977 2968 1041 3013 esse
1061 2951 1144 3034 apud
1155 2951 1252 3014 victos
1264 2961 1302 3005 1⁰

208 3059 355 3118 animum.
408 3058 469 3120 Sed
500 3057 620 3118 insessis
657 3056 783 3117 interim
816 3053 949 3140 Alpibus
977 3067 1158 3122 venturum‘
1181 3082 1252 3124 cum

181 3227 183 3234 ,
208 3166 306 3249 copiis
336 3165 473 3229 Orientis
496 3159 694 3226 Mucianum.
748 3165 928 3250 Superesse·
947 3167 1138 3252 Vespasiano
1166 3191 1267 3232 mare.

210 3273 335 3354 classes,
356 3273 458 3336 studia
478 3273 727 3356 provinciarum,
748 3297 806 3358 per
826 3299 901 3360 quas
923 3274 1008 3358 velut
1030 3274 1157 3338 alterius
1177 3275 1252 3340 belli

209 3383 321 3445 molem
344 3385 449 3446 cieret.
493 3382 539 3440 lta
556 3381 673 3442 salubri
682 3403 769 3446 mora
790 3408 886 3448 novas
907 3387 990 3446 vires
1002 3383 1099 3444 affore
1119 3395 1150 3448 et
1161 3403 1252 3466 prae-

210 3490 346 3554 sentibus
368 3491 443 3554 nihil
464 3491 650 3574 periturum.
692 3494 745 3556 Ad
764 3518 799 3557 ea
814 3494 963 3556 Antonius
976 3495 1099 3556 Primus
1117 3496 1153 3576 (is
1165 3471 1290 3555 acor-Q
1436 3497 1437 3576 l

212 3597 310 3658 rimus
328 3595 403 3656 lielli
422 3597 845 3676 concitator)›festinationem
863 3597 936 3681 ipsis
965 3599 1092 3676 utilem,
1127 3597 1252 3662 vitellio

212 3707 368 3766 exitiosam
391 3705 542 3768 disseruit.
582 3709 655 3772 Plus
675 3708 835 3771 socordiae
869 3725 962 3788 quam
988 3705 1120 3780 fiduciae
1145 3727 1251 3768 acces-

212 3816 283 3874 sisse
303 3810 482 3874 victoribus.
525 3812 630 3896 Neque
651 3813 733 3875 enini
754 3813 785 3871 in
807 3811 969 3892 procinctu
991 3821 1021 3873 et
1033 3813 1139 3873 castris
1161 3811 1252 3872 habi·

213 3932 281 3982 tos:
304 3941 357 4003 per
375 3921 476 3982 ornnia
496 3922 600 3985 ltaliae
620 3921 935 4003 municipia'desides,
967 3931 1090 3984 tantum
1118 3920 1251 4002 hospiti·

212 4028 271 4090 bus
301 4031 499 4109 metuendos,
529 4042 646 4116 quanto
678 4031 807 4092 ferocius
832 4043 901 4094 ante
932 4053 965 4094 se
994 4034 1129 4116 egerint,
1163 4038 1309 4121 tantona!

212 4131 353 4218 cupidius
372 4139 521 4202 insolitas
554 4139 724 4220 voluptates
758 4139 905 4202 hausisse·
945 4139 1034 4202 Circo
1065 4157 1186 4222 quoque
1216 4155 1251 4198 ac
