2912 4730
491 383 563 442 LIB.
583 382 634 442 ΠΙ.
658 379 749 444 CAP.
772 383 904 448 1841.
1097 443 1100 452 ,
1156 379 1213 448 i=l7

179 573 259 642 rant,
282 574 401 624 nomem
420 573 452 624 et
475 563 596 648 ignotae
616 561 706 628 sitnm
719 561 816 636 urbis,
841 563 922 624 intus
944 559 1047 620 hostes
1067 567 1215 622 etenncta
1228 565 1254 636 (a
1274 563 1302 616 C·
1320 565 1356 632 ssu

180 671 297 730 insidiis
321 683 507 754 opportuna.
547 671 616 736 Non
637 671 664 731 si
685 679 806 752 pateant
826 677 943 751 portae,
967 668 1026 728 nisi
1047 667 1219 750 explorato,

179 779 237 836 nisi
253 777 301 838 die
316 779 505 838 intrandum.
529 777 578 838 An
590 777 852 859 oppugnationem
864 775 1065 838 inchoaturos
1075 776 1222 860 adempto

177 885 263 952 omni
286 897 467 968 prospectu,
490 885 558 967 quis
580 905 693 966 aequus
715 882 824 959 locus,
843 891 956 962 quanta
977 879 1107 944 altitudo
1132 901 1217 942 ωοο-

152 981 288 1065 finium,
313 994 513 1052 tormentisne
534 1003 565 1052 et
583 989 652 1050 telis
672 1012 711 1050 an
746 989 889 1070 operibus
925 1000 955 1050 et
986 989 1081 1050 vineis
1111 987 1218 1069 adgre-

175 1100 291 1160 dienda
314 1099 387 1159 urbs
408 1099 496 1158 foret.
539 1099 612 1160 Mox
632 1117 795 1156 conversus
816 1095 854 1155 ad
875 1095 1019 1174 singulos,
1044 1117 1116 1156 utrm
1131 1117 1219 1156 secu-

173 1226 227 1263 res
251 1203 454 1286 dolabrasque
477 1217 506 1265 et
527 1216 627 1265 cetera
645 1202 846 1282 expugnandis
865 1201 993 1266 urbibus
1020 1222 1121 1264 secum
1141 1213 1221 1262 attu-

175 1314 289 1372 lissent
311 1313 475 1392 rogitabat.
519 1312 559 1375 Et
583 1331 650 1370 cum
672 1308 857 1384 abnuerent,
895 1307 1087 1390 ,'‚gladiisue“
1120 1311 1218 1390 inquit

174 1429 235 1498 „et
258 1417 330 1498 pilis
351 1419 538 1500 perfringere
559 1437 594 1475 ac
616 1413 765 1476 subruere
786 1433 890 1482 muros
914 1413 994 1480 ullae
1017 1437 1126 1478 manus
1146 1437 1218 1499 poa·

130 1532 272 1588 ¹0sunt?
295 1525 320 1586 si
339 1547 483 1608 aggerem
504 1536 640 1598 struere,
663 1524 688 1584 si
709 1520 819 1603 pluteis
839 1521 1013 1584 cratibusve
1032 1523 1148 1608 protegi
1162 1543 1218 1584 ne.

178 1655 261 1698 cesse
281 1633 392 1710 fuerit,
422 1645 458 1694 ut
480 1632 588 1712 volgus
613 1631 824 1713 improvidum
846 1629 923 1690 irriti
950 1629 1116 1704 stabimus,
1150 1631 1219 1692 alti·

181 1741 319 1801 tudinem
349 1741 483 1802 turrium
516 1753 546 1804 et
574 1739 675 1802 aliena
712 1741 902 1800 munimenta
937 1739 1109 1804 miranter?
1144 1739 1219 1824 quin
1270 1799 1275 1810 ,

186 1831 286 1928 potius
307 1867 389 1910 utura
410 1850 509 1912 noctis
532 1821 641 1928 unius,
668 1846 801 1911 advectis
820 1847 980 1910 tormentis
1001 1847 1219 1930 machinisque,

132 1921 149 1990 ἒ
183 1939 247 2014 iim
269 1954 483 2038 victoriamque
496 1946 655 2018 uobiscum
678 1955 854 2016 ierimus?“
876 1953 967 2018 simul
986 1951 1060 2016 lixas
1080 1955 1220 2016 calones·

136 2064 241 2146 rique
263 2083 330 2124 curn
353 2065 565 2138 recentissimis
593 2065 731 2144 equitum
760 2062 942 2124 lindriacum
975 2063 1087 2140 mittit,
1116 2061 1221 2144 copias

113 2161 163 2243 Ql
182 2150 345 2252 celerique
366 2170 435 2230 sttui
454 2169 625 2236 adlaturus·
665 2171 700 2232 ld
720 2193 810 2233 vero·
826 2193 917 2252 aegre
944 2169 1098 2232 tolerante
1124 2169 1221 2232 milite

180 2299 276 2359 prope
295 2275 480 2337 seditionem
497 2283 645 2350 pentum,
663 2295 740 2348 ¹cum
764 2278 915 2357 progressi
935 2279 1051 2358 equites
1068 2276 1126 2338 sub
1153 2279 1219 2358 ipsa

182 2389 300 2460 moenia
323 2406 413 2467 vagos
434 2405 469 2446 ex
494 2375 754 2446 Cremonensibus
774 2383 965 2466 corripiunt,
985 2405 1118 2467 quorum
1138 2386 1219 2446 indi-

182 2491 232 2558 cio
251 2493 389 2553 noscitur
408 2512 458 2552 sex
480 2486 661 2553 Vitellianas
690 2487 820 2571 legiones
847 2511 1028 2572 omnemque
1054 2494 1216 2556 exercitum

132 2602 235 2682 acqui
256 2599 404 2660 Hostiliae
425 2585 546 2680 egerat,
583 2615 619 2656 eo
641 2593 705 2676 ipso
734 2595 783 2656 die
809 2596 932 2678 triginta
962 2595 1046 2657 milia
1074 2620 1218 2680 passuum

181 2727 358 2784 emensam,
379 2713 534 2786 comperta
554 2723 680 2764 suorum
702 2703 788 2784 clade
809 2705 840 2764 iu
865 2703 1015 2785 praelium
1044 2706 1161 2788 accingi
1182 2727 1217 2768 ac

184 2815 249 2874 iam
280 2812 382 2890 affore,
426 2813 457 2872 is
489 2821 594 2888 terror
625 2809 796 2872 obstructas
826 2823 940 2874 mentes
969 2813 1099 2876 consiliis
1129 2815 1215 2878 ducis

183 2917 316 3000 aperuit.
355 2915 467 2987 Sistere
485 2916 609 2976 tertiam
631 2915 788 2978 decumam
808 2914 960 2998 legionem
987 2919 1019 2980 in
1046 2921 1111 3003 ipso
1145 2923 1215 2986 viae

166 3026 359 3092 *Postumiae
377 3013 609 3107 aggereiubet,
639 3026 688 3088 cui
708 3027 811 3088 iuncta
839 3025 968 3100 alaeve
986 3030 1114 3112 septima
1137 3027 1215 3089 Gal.

134 3135 275 3203 albiana
291 3137 413 3218 patenti
434 3157 543 3216 campo
563 3136 658 3212 stetit,
683 3135 753 3196 dein
765 3117 895 3218 septima
910 3129 1085 3216 Claudiana,
1106 3137 1217 3218 agresti

182 3245 262 3307 fossa
284 3244 341 3328 (ita
361 3241 448 3306 locus
469 3245 544 3322 erat)
565 3247 774 3324 praemunita3
795 3244 901 3308 dextro
923 3257 1030 3308 octava
1053 3266 1107 3326 per
1129 3223 1237 3318 aper-⁸

183 3363 250 3417 turn
269 3351 417 3428 limitent,
449 3373 518 3412 mox
539 3353 630 3412 tertia
653 3351 753 3412 densis
779 3353 912 3422 arbustis
945 3355 1125 3426 intersepta.
1160 3345 1217 3408 Hic

242 3533 245 3538 ’
275 3529 299 3577 i.
321 3521 403 3576 nbcte'
421 3523 471 3574 A'C
483 3521 543 3586 Ma,
574 3529 606 3596 et
625 3528 688 3572 mox
718 3523 741 3573 5.
770 3507 867 3574 vineis
881 3515 1109 3592 (machinamenti
1133 3532 1218 3585 genus

84 3670 86 3674 .
186 3617 223 3672 od
241 3619 438 3692 expugnandos
464 3637 571 3680 muros,
601 3621 632 3670 in
651 3615 757 3669 modum
782 3607 902 3668 iurrium
929 3604 1045 3675 sactum)
1072 3609 1095 3658 is
1122 3605 1219 3678 adgre-

186 3713 288 3766 diendo
305 3715 365 3764 ΒΜ
380 3713 408 3761 R.
432 3713 495 3763 unci
516 3719 544 3764 et
563 3710 775 3780 superscriptum
794 3704 907 3758 verbum
927 3705 1012 3744 vacat
1036 3714 1052 3748 a
1076 3693 1220 3753 recentiori

187 3821 269 3856 manu
287 3811 439 3855 suntiteste
455 3805 550 3854 Furia.
873 3801 875 3808 “

259 3902 301 3962 al.
320 3917 337 3949 a
357 3894 451 3966 laevo]
472 3897 502 3947 in
521 3895 621 3952 alaeue
635 3889 689 3954 Ma.¹
1012 3962 1017 3970 .

261 4009 300 4059 27.
321 3989 414 4056 tertia]
437 3989 499 4037 libri
522 3988 607 4037 terrio
629 3982 756 4034 decimu:
775 3967 880 4018 decima
900 3971 1034 4018 expunxit
1051 3969 1175 4020 piebem,
