2890 4728
223 365 284 430 250
602 347 846 414 cannanmu

217 541 302 613 hant,
325 547 353 596 et
372 534 531 596 immensus
553 535 631 596 ultra
654 546 749 616 utque
768 533 818 608 sic
830 529 955 592 dixerim
968 526 1119 616 adversus
1140 512 1249 581 Ocea?

217 668 273 705 nus
302 643 378 703 raris
406 642 445 702 ab
472 641 545 700 orbe
567 651 672 700 nostro
702 639 829 700 navibus
862 640 975 704 aditur.
1017 635 1092 712 Quis
1125 651 1239 712 porro,

215 761 337 831 praeter
358 745 524 829 perieulum
547 745 661 805 horridi
683 755 712 804 et
734 747 829 827 ignoti
851 747 953 824 maris,
975 741 1046 802 Asia
1071 750 1122 798 aut
1139 737 1240 796 Africa

217 863 271 914 aut
298 853 387 912 ltalia
417 852 519 911 relicta
549 851 741 910 Germaniam
774 857 912 930 peteret,
945 846 1115 935 informem¹
1138 845 1240 916 terrie,

217 981 349 1045 asperam
370 959 473 1040 caelo,
495 959 610 1019 tristem
631 947 718 1019 cultu
743 957 970 1038 adspectuque,
1000 954 1059 1013 nisi
1090 953 1114 1014 si
1144 948 1272 1032 patriafi

215 1070 263 1128 sit.
308 1064 469 1126 Celebrant
489 1063 672 1126 carminibus
692 1061 833 1146 antiquis,
853 1059 936 1140 quod
957 1079 1050 1119 unum
1073 1057 1157 1140 apud
1174 1058 1241 1116 illos

134 1227 136 1237 i
215 1177 376 1238 memoriae
397 1182 428 1233 et
450 1170 604 1232 annalium
623 1190 716 1252 genus
737 1179 797 1246 est,
830 1167 1012 1228 Tuiscouem
1044 1161 1133 1222 deum
1160 1173 1240 1222 terra

218 1283 333 1343 editum
354 1262 393 1341 'et
422 1279 516 1340 lilium
540 1282 700 1352 Mannum,
721 1279 866 1359 originem
885 1273 981 1356 gentis
1000 1265 1238 1351 conditoresque.

217 1393 330 1450 Manno
350 1389 406 1450 tris
430 1385 507 1446 filios
527 1363 698 1468 assignant,
724 1402 889 1466 equorum
910 1377 1085 1440 nominibus
1109 1376 1239 1466 proximi

216 1497 340 1556 Oceano
373 1493 578 1572 Ingaevones,
608 1490 699 1550 medii
722 1489 922 1565 Hermiones,
954 1485 1043 1546 ceteri
1068 1483 1291 1544 lstaevouesro

215 1611 371 1662 vocentur.
415 1595 564 1674 Quidam,
591 1597 676 1656 utin
697 1594 818 1654 licentia
839 1593 1016 1666 vetustatis,
1048 1586 1150 1670 plures
1183 1590 1239 1652 deo

217 1715 301 1767 ortos
330 1703 494 1786 pluresque
525 1706 621 1786 gentis
648 1701 884 1786 appellationes,
914 1703 1030 1762 Marsos
1050 1701 1240 1760 Gambrivios

216 1815 331 1875 Suevos
341 1811 507 1872 Vandalios
527 1811 687 1887 affirmant,
712 1832 806 1894 eaque
825 1831 898 1872 vera
916 1821 946 1870 et
964 1809 1087 1889 antiqua
1105 1809 1240 1868 nomina.

215 1921 359 1980 Ceterum
380 1921 557 1980 Germaniae
578 1904 759 1980 vocabulum
781 1939 883 1980 recens
904 1926 936 1977 et
957 1935 1054 1996 nuper
1086 1913 1236 1991 additum,

216 2005 359 2109 quoniam
379 2027 431 2109 qui
453 2025 546 2107 primi
566 2025 706 2087 Rhenum
726 2027 903 2108 transgressi
924 2022 1029 2084 Gallos
1059 2021 1236 2104 expulerint,
1252 2024 1292 2086 15

214 2153 250 2194 ac
270 2155 350 2195 nunc
372 2133 508 2216 Tungri,
528 2145 602 2194 tunc
625 2135 771 2196 Germani
792 2135 892 2195 vocati
922 2112 991 2194 sint.
1033 2134 1077 2192 Ita
1097 2129 1239 2188 'nationis

215 2261 338 2318 nomen,
360 2259 420 2301 nou
442 2237 550 2318 gentis,
573 2237 718 2300 evaluisse
737 2237 893 2321 paulatim,
918 2249 953 2299 ut
973 2257 1079 2298 omues
1104 2234 1239 2316 primum

214 2367 232 2406 a
253 2349 370 2408 victore
395 2347 435 2408 ob
453 2355 586 2421 metum,
607 2367 678 2406 mox
702 2367 720 2404 a
740 2367 771 2406 se
792 2347 861 2426 ipsis
883 2345 1007 2406 invento
1028 2341 1149 2405 nomine
1162 2343 1238 2402 Ger·

213 2451 296 2510 mani
315 2460 519 2511 moerentum·
546 2450 650 2510 Fuisse
671 2449 754 2530 apud
784 2469 835 2510 eos
866 2459 897 2510 et
928 2449 1093 2510 Herculem
1123 2439 1278 2514 memo-3

213 2568 299 2632 rant,
321 2560 512 2638 primumque
533 2559 668 2628 omnium
688 2561 825 2617 virorum
841 2560 967 2618 fortium
988 2559 1059 2618 ituri
1078 2557 1108 2618 iu
1123 2557 1237 2638 praelia
1250 2579 1293 2622 ao

213 2673 339 2724 canunt.
379 2664 456 2722 Sunt
475 2662 534 2722 illis
554 2663 627 2722 haec
649 2685 771 2744 quoque
788 2666 949 2738 carmina,¹
964 2686 1094 2748 quorum
1126 2664 1237 2739 relatu,

214 2789 305 2848 quem
325 2769 459 2828 baritum
478 2781 606 2846 vocant,
626 2771 794 2830 accendunt
813 2768 947 2849 animos,
980 2776 1159 2854 futuraeque
1179 2794 1239 2854 pu-

215 2893 292 2952 gnae
311 2873 463 2933 fortunam
485 2874 549 2956 ipso
570 2886 660 2934 cautu
682 2887 875 2956 augurantur.
918 2879 1047 2940 Terreat
1067 2883 1148 2942 enirn
1174 2890 1239 2940 tre·

213 2971 377 3052 pidautve,
410 2987 502 3056 prout
521 2982 620 3038 sonuit
641 2980 736 3059 acies⁸3
767 2994 905 3044 nectam
937 3006 1024 3046 voces
1051 2985 1120 3047 illae
1145 3008 1237 3069 quem

213 3083 335 3144 virtutis
355 3094 518 3146 concentus
537 3087 689 3148 videntur.
731 3087 897 3152 Affectatur
917 3097 1076 3174 praecipue
1093 3095 1291 3176 asperitasa5

299 3305 328 3355 5.*
342 3308 398 3358 taisi
415 3309 443 3383 si¹
457 3310 553 3377 patria
573 3309 619 3375 sit]
641 3310 754 3362 Atteudc
773 3311 806 3363 sd
825 3314 982 3366 nonnullam
994 3314 1140 3380 ¹scriptoris
1169 3316 1235 3366 dav-

217 3396 366 3462 potoyr‘av':
386 3415 446 3450 nam
465 3401 509 3450 cui
528 3404 614 3468 patria
633 3405 777 3458 Germania
798 3414 848 3470 est,
865 3409 888 3458 is
906 3407 1016 3478 quidem
1030 3409 1151 3482 incolere
1166 3426 1234 3472 cam,

216 3501 271 3539 non
289 3497 377 3542 autern
400 3493 461 3546 asia
479 3501 527 3544 aut
547 3495 635 3546 Africa
658 3507 705 3549 aut
729 3500 808 3551 Italia
832 3501 925 3552 relicta
948 3515 1057 3573 petere,
1083 3502 1137 3553 dici
1162 3511 1235 3556 recte

88 3596 92 3609 ι
116 3614 122 3632 ,
214 3583 313 3644 potest,
348 3581 401 3632 Sed
420 3593 557 3636 accuratae
577 3589 720 3642 locutionis
739 3592 903 3644 desiderium
929 3595 1012 3662 magis
1040 3597 1186 3660 excitatur,
1212 3599 1236 3649 si

215 3667 287 3735 legas
305 3687 337 3720 cx
357 3671 380 3722 H
400 3675 417 3724 S
437 3675 535 3743 Tmirr'
552 3682 606 3734 sibi
622 3687 717 3754 patria
736 3689 786 3749 sit,
805 3705 837 3738 ac
851 3697 995 3758 propterea
1028 3683 1185 3742 ceterorum
1199 3691 1236 3743 li·

216 3760 324 3812 brorum
344 3765 473 3834 scriptura
489 3773 546 3824 nisi
562 3775 588 3824 si
604 3778 701 3842 patria
721 3780 757 3832 sit
776 3776 949 3849 praeferenda
968 3789 1017 3839 est.
1054 3786 1134 3836 Recte
1164 3784 1234 3836 dixit

214 3854 367 3910 waltherus
385 3865 438 3913 sibi
459 3880 491 3915 ex
509 3871 533 3916 η’
547 3877 635 3920 ortum
655 3889 728 3935 erae,
760 3877 831 3945 quod
849 3877 954 3928 librarii
975 3879 1030 3928 nisi
1050 3881 1073 3931 ri
1097 3879 1232 3948 quomodo

215 3949 379 4015 explicarent
397 3951 467 4002 haud
484 3958 645 4015 invenirent.
