2886 4726
531 367 776 458 nn1v2cap.
802 379 934 442 esu-es.
1083 401 1132 470 ι·
1206 385 1258 447 ru
1330 393 1338 414 ’

242 554 345 617 Civilis
372 567 516 636 conatus,
546 558 653 620 adsciri
685 562 714 617 in
751 559 925 618 societatem
963 560 1143 623 Germanos.
1196 560 1302 632 none
1323 562 1423 631 069.)

241 663 339 724 Primi
360 667 485 726 Antonii
511 688 607 749 neque
631 669 763 728 Muciani
785 688 843 748 ope
865 667 1084 746 Vespasianum
1106 669 1199 748 magis
1215 670 1263 729 ad·

242 769 379 834 olevisse.
423 775 536 855 Aperta
556 776 624 835 odie
647 795 795 855 armaque
817 774 916 855 palam
930 774 1058 856 depelli:
1080 773 1217 833 fraudem
1235 789 1266 837 et
1329 781 1335 796 ⁸

242 878 345 940 dolum
365 881 504 961 obscura¹
516 903 614 965 eoque
636 881 829 960 inevitabilis.
885 881 1012 942 Civilem
1042 892 1121 942 stare
1142 868 1265 960 contre,

212 996 358 1055 §struere
388 991 497 1050 aciem:
527 989 737 1050 Hordeonium
768 989 946 1048 ecanculo
976 999 1004 1048 et
1028 987 1139 1049 lectulo
1160 989 1265 1048 iubere
1354 1031 1357 1044 .

236 1095 380 1176 quiequid
403 1095 483 1156 besti
505 1095 664 1154 conducat.
713 1096 772 1154 Tot
800 1103 930 1153 nrmetes
959 1095 1190 1154 fortissimorum
1221 1093 1265 1152 ri-

236 1221 343 1262 rorum
358 1225 465 1263 manus
486 1207 577 1262 unius
599 1204 676 1262 senis
695 1178 861 1262 valitudine
885 1203 962 1282 regi.
1006 1201 1202 1283 Quinlpotius
1217 1199 1264 1257 in·
1288 1216 1303 1264 ς

132 1331 138 1334 ·
198 1356 201 1362 .
236 1305 364 1366 terfecto
389 1309 537 1368 traditore
557 1309 716 1369 fortunam¹
729 1310 934 1388 virtutemque
953 1329 1037 1367 snam
1061 1305 1140 1365 malo
1164 1307 1264 1364 omine

237 1410 432 1472 exsolverent.
487 1413 542 1471 His
571 1413 651 1470 inter
678 1434 710 1471 se
733 1413 858 1472 vocibus
878 1412 1033 1470 instinctos
1066 1409 1261 1472 flammavere

185 1517 494 1596 -10insuperedletae
514 1537 530 1574 a
552 1515 735 1596 Vespasiano
755 1518 894 1594 litterae,
921 1535 996 1596 quas
1019 1515 1167 1592 Flaccus,
1191 1517 1263 1596 quia

138 1637 141 1644 ·
232 1619 383 1680 occultari
410 1623 601 1701 nequibant,
635 1643 691 1701 pro
719 1601 864 1682 concione
892 1623 1053 1693 recitavit,
1086 1621 1262 1704 vinctosque

164 1716 282 1805 Q5qui
303 1725 472 1786 attulerant
505 1727 543 1788 ad
569 1726 725 1788 Vitellium
747 1730 838 1790 misit.
895 1729 943 1790 Sic
974 1718 1118 1810 mitigetis
1150 1729 1258 1789 animis

230 1833 534 1908 Bonnam,.hiberna
556 1836 672 1916 primae
692 1835 837 1918 legionis,
862 1846 998 1897 ventum.
1031 1837 1178 1920 lnsensior
1199 1837 1261 1896 illie

230 1937 322 2000 miles.
335 1941 455 2022 culpem
479 1941 572 2003 eladis
597 1943 628 2002 in
652 1945 863 2004 Hordeonium
891 1943 1048 2006 vertebat:
1085 1944 1146 2002 eins
1177 1943 1259 2002 iussu

183 2044 374 2128 ridireotarn
396 2049 540 2108 adversus
561 2051 690 2109 Batavos
713 2053 825 2126 eciem,
857 2060 1002 2128 tanquam
1032 2049 1260 2127 aMegontiaco

230 2153 365 2233 legiones
386 2167 601 2234 sequerentur,
624 2158 756 2216 eiusdem
780 2153 955 2237 proditione
973 2175 1083 2229 caesos,
1106 2153 1197 2214 nullis
1210 2178 1261 2216 su·

183 2253 186 2260 ¹
232 2259 481 2338 pervenientibus
503 2259 632 2320 auxiliis.
690 2265 795 2340 ignota
827 2260 902 2318 lreeo
931 2261 1034 2318 ceteris
1067 2259 1259 2335 exercitibus,

230 2365 525 2446 nequeimperatori
543 2383 598 2422 suo
620 2365 763 2438 nuntiari,
788 2385 857 2436 eum
878 2383 1003 2423 accursu
1024 2374 1070 2424 tot
1089 2367 1259 2444 provinciass

236 2493 304 2532 rum
326 2473 472 2552 exstingui
496 2491 601 2551 repens
622 2471 746 2552 pertidia
768 2474 914 2552 potuerit.
958 2473 1146 2534 Hordeonius
1161 2495 1259 2534 exem·

180 2603 218 2643 20
231 2580 330 2660 plnres
353 2583 489 2640 o'mninm
512 2579 693 2650 litterarum,
718 2579 828 2658 quibus
852 2599 906 2659 per
924 2577 1037 2639 Gallius
1056 2581 1258 2640 Britanniam-

226 2708 284 2768 que
305 2697 335 2748 et
363 2687 523 2766 Hispanies
543 2683 652 2744 auxilia
677 2683 805 2757 orabat,
830 2685 973 2744 exercitui
995 2685 1147 2761 recitavit,
1170 2688 1257 2748 insti-

226 2797 346 2874 tuitque
367 2787 527 2871 pessimum
546 2791 674 2861 facinus,
699 2801 734 2850 ut
753 2789 896 2872 epistolae
917 2792 1079 2872 equilileris
1101 2792 1255 2874 legionum
1348 2797 1354 2804 ’

227 2896 448 2974 traderentur5
479 2915 496 2954 n
516 2895 583 2976 quis
603 2905 673 2955 ente
693 2895 779 2956 militi
803 2917 892 2978 quam
912 2895 1040 2958 ducibus
1065 2897 1253 2980 legebantur.
1305 2967 1306 2972 ἵ

227 3029 463 3052 ι--αι-Ι--ν-σκ

315 3112 339 3162 8.
357 3108 503 3182 traditore]
532 3107 687 3172 Frementes
719 3109 821 3162 milites
848 3109 1012 3176 {Hordeonio
1038 3109 1134 3162 Flacco
1170 3113 1253 3180 paule

224 3212 287 3258 ante
305 3207 373 3258 vitio
393 3212 550 3266 verterent,
569 3202 642 3272 quod
660 3200 784 3255 cobortes
802 3205 963 3258 Batavorum
983 3205 1154 3275 Magontiaco
1184 3209 1252 3258 emi·

223 3308 295 3352 serat
311 3316 398 3370 eoque
421 3301 503 3354 Civili
524 3297 694 3354 tradiderat:
723 3297 795 3350 idom
824 3298 858 3350 de
886 3316 915 3351 se
941 3315 975 3351 ne
998 3299 1047 3350 liat
1077 3298 1191 3364 timent,
1218 3318 1250 3354 ar
1332 3319 1342 3334 r
1373 3321 1377 3328 ¹

221 3403 366 3465 propterea
384 3395 546 3449 traditorem
564 3396 642 3446 illum
659 3396 809 3446 nominant.
844 3396 947 3447 Malum
972 3411 1049 3446 omen
1076 3392 1247 3444 Hordeonius

222 3499 263 3542 est
283 3499 394 3558 propter
412 3505 510 3542 nornen
529 3488 693 3540 infaustum:
716 3489 773 3540 eius
788 3487 859 3560 enirn
878 3491 988 3540 nomine
1007 3485 1156 3537 recordatio
1170 3487 1247 3541 verbi
1293 3555 1296 3559 ι

213 3586 340 3654 flectere
372 3590 399 3634 et
418 3585 624 3648 flaccescere,'
642 3585 755 3634 fortusse
784 3587 865 3634 etiarn
894 3582 1023 3644 horrere,
1055 3583 1170 3633 excitata
1196 3587 1244 3632 est.

222 3677 300 3732 Conl.
319 3678 374 3740 tv,
392 3676 433 3732 53,
469 3678 591 3746 ingressi
607 3675 706 3727 milites
723 3677 784 3745 quis
797 3675 896 3743 fausta
915 3673 1027 3725 nomina
1042 3672 1180 3744 felicibus
1197 3691 1244 3724 ra-

220 3773 277 3822 mis.
296 3771 347 3832 lV,
365 3776 407 3826 82.
421 3769 549 3822 *divinam
567 3772 678 3838 speciem
697 3771 796 3844 rt-vim
814 3771 938 3838 responsi
955 3786 988 3822 ex
1015 3769 1123 3822 nomine
1142 3754 1244 3819 uiriti-

220 3861 263 3914 dit
281 3865 475 3935 interpretatus
492 3879 540 3917 est.
563 3894 594 3904 -
613 3863 657 3914 lda
674 3862 956 3916 homine'exsolreret.

295 3961 331 4013 ¹5.
350 3958 459 4016 derecta
476 3960 537 4032 Ma,
557 3969 615 4014 tum
632 3976 658 4028 p.
678 3974 727 4012 212
738 3997 745 4024 ,
762 3961 784 4012 5,
805 3971 926 4013 armatae
944 3959 983 4012 G:
1005 3959 1095 4012 armai
1112 3954 1163 4007 Μ’.
