2886 4726
242 431 301 494 isa
617 401 904 492 nrsroanariu

69 615 98 670 (a
119 607 147 657 C·
163 606 345 681 69.)Sataria
368 610 418 668 via
439 607 548 670 urbem
568 612 728 689 introiret,
750 613 822 675 satis
842 619 1062 686 maturaverat,
1083 607 1183 668 donec
1204 607 1261 668 ob·

228 716 300 777 sessi
320 713 462 797 Capitolii
482 714 562 798 santa
581 726 708 778 cunctos
727 717 818 779 simul
851 719 974 780 exciret.
1020 713 1175 775 Antonius
1204 703 1326 794 per79

227 819 410 883 Flaminiana
422 819 461 880 ad
480 820 555 881 Saxa
574 821 667 883 rubra
683 821 780 884 multo
796 825 857 884 iam
878 822 976 884 noctis
997 841 1100 883 serum
1114 817 1261 880 auxilinm

227 927 324 987 venit.
367 924 432 988 illie
451 927 643 991 intersectum
662 929 820 1008 Sabinum,
843 929 1045 1011 conflagrasse
1067 923 1262 1007 Capitolium,

227 1044 359 1095 tremere
379 1033 510 1114 urbem,
530 1047 644 1099 maesta
667 1039 771 1100 omnia
791 1037 928 1120 accepit3
950 1035 1071 1119 plebem
1094 1053 1216 1116 quoque
1230 1031 1291 1094 et5

227 1140 352 1204 servitia
370 1163 429 1224 pro
451 1143 576 1208 Vitellio
607 1147 722 1207 armari
749 1146 961 1208 nuntiabatur.
1001 1143 1043 1205 Et
1062 1141 1175 1204 Petilio
1203 1142 1261 1204 Ce-

228 1248 299 1311 riali
320 1259 458 1332 equestre
476 1249 629 1330 praelium
648 1249 810 1311 adversum
839 1251 950 1312 fuerat.
994 1249 1134 1331 Namque
1156 1248 1262 1308 innan.

228 1367 346 1418 tumet
368 1366 512 1436 tanquam
534 1354 573 1414 ad
596 1355 695 1416 victos
716 1367 855 1416 ruentem
876 1355 1052 1430 Vitelliani,
1089 1355 1261 1416 interiectus

229 1460 325 1545 equiti
345 1463 445 1544 pedes,
470 1481 623 1543 excepere.
663 1463 839 1546 Pugnatum
859 1463 941 1524 baud
960 1463 1069 1546 procul
1090 1465 1169 1526 urbe
1182 1466 1260 1526 inter

230 1569 364 1632 aedificia
380 1567 548 1649 hortosque
569 1579 600 1630 et
617 1569 773 1630 anfractus
795 1571 935 1650 viarnm3
957 1591 1037 1655 quan
1059 1592 1152 1653 gnara
1164 1570 1259 1636 Vitel·
1273 1585 1312 1625 ¹0

229 1679 330 1760 lionis,
352 1677 541 1758 incomperta
563 1675 700 1738 hostibus
721 1685 838 1738 metum
859 1677 1005 1738 fecerant.
1048 1678 1156 1763 Neque
1166 1683 1260 1742 omnis

230 1807 321 1869 eques
342 1807 490 1864 concors,
510 1785 657 1848 adiunctis
677 1786 861 1868 quibusdam
883 1786 936 1869 qni
957 1805 1055 1868 nuper
1076 1789 1160 1869 apnd
1180 1789 1261 1849 Ner.

230 1893 314 1954 niam
327 1891 421 1954 dediti
435 1894 591 1955 fortunam
603 1897 736 1976 partium
749 1894 991 1978 speculabantur.
1033 1895 1161 1979 Capitur
1173 1915 1262 1978 proe-

229 1999 326 2062 fectus
347 1997 412 2062 alae
432 1999 552 2063 Tullius
571 2001 757 2082 Flavianus;
788 2001 884 2064 ceteri
911 2001 998 2064 foeda
1021 2004 1090 2086 suga
1122 2015 1260 2066 conates.

229 2117 355 2188 nentur,
376 2130 436 2171 non
458 2111 542 2172 ultra
561 2110 692 2174 Fidenas
712 2113 824 2174 secutis
837 2111 1015 2174 victoribus.
1059 2113 1106 2174 Eo
1120 2131 1258 2176 successo
1272 2105 1330 2184 80

228 2217 329 2281 studia
350 2218 457 2302 populi
478 2229 591 2300 ancta;
613 2219 718 2302 volgus
739 2221 892 2282 urbanum
916 2241 999 2282 arma
1020 2222 1109 2302 cepit
1149 2220 1259 2282 Paucis

227 2335 313 2389 senta
332 2325 494 2406 militaria3
515 2323 616 2407 plnres
636 2327 751 2409 raptis,
772 2325 854 2409 quod
878 2328 990 2408 cniqne
1019 2325 1162 2404 obv-ium,
1193 2327 1259 2387 tetis

227 2437 475 2518 signnmpugnae
495 2447 669 2516 exposcunt.
711 2435 782 2518 Agit
801 2446 900 2518 grates
921 2433 1062 2495 Vitellios
1077 2431 1154 2494 etad
1167 2443 1258 2492 tuen.
1326 2427 1332 2440 ⁸

228 2545 298 2605 dam
319 2542 430 2604 urbem
449 2563 646 2624 prorumpere
667 2544 762 2604 iubet.
803 2545 873 2602 Mox
907 2541 1018 2604 vocato
1048 2551 1153 2602 senatu
1182 2540 1258 2600 deii-

227 2664 343 2736 gnntur
362 2652 452 2733 legati
473 2649 513 2710 ad
537 2654 707 2726 exercitus,
729 2661 764 2711 ut
784 2659 941 2732 praetexto
962 2653 1006 2710 rei
1028 2647 1165 2732 publicae
1182 2669 1256 2708 con.
1271 2681 1310 2724 ‚0

227 2759 365 2821 cordiam
386 2777 552 2839 pacemque
572 2757 749 2818 suaderent.
790 2755 886 2816 Varia
907 2755 1074 2837 legatorum
1103 2777 1166 2816 sors
1187 2755 1255 2816 fuit.

229 2864 292 2942 Qui
303 2862 413 2926 Petilio
424 2864 535 2926 Ceriali
549 2873 758 2936 occurrerant,
777 2871 943 2925 extremum
968 2865 1128 2926 discrimen
1142 2863 1256 2939 adiere*

229 2981 411 3052 aspernante
440 2971 536 3033 milite
567 2973 761 3035 condiciones
788 2971 877 3052 pacis.
918 2971 1105 3032 Volneratur
1133 2981 1258 3054 praetor

230 3077 382 3140 Arulenus
403 3077 553 3138 Rusticus.
598 3076 692 3138 Auxit
711 3075 865 3158 invidiam,
884 3095 977 3158 snper
996 3074 1144 3136 violatum
1165 3075 1256 3158 legati

229 3188 441 3270 praetorisque
462 3205 585 3264 nomen,
606 3184 727 3266 propria
739 3181 871 3267 dignatio
892 3184 960 3246 riri.
999 3183 1148 3246 Palantur
1162 3188 1257 3248 comi·
1271 3195 1310 3260 25
1421 3167 1422 3223 3

231 3321 517 3338 Μ*

301 3394 340 3458 ab·
361 3397 457 3451 Tullus
473 3395 533 3462 Ma,
551 3405 579 3449 ct
596 3396 637 3464 ai·
657 3399 804 3452 Aruleniua
822 3398 841 3448 B
852 3397 876 3449 G
887 3393 938 3450 Ma.

302 3492 341 3542 16.
357 3493 455 3562 volgus
467 3490 613 3558 urbanum,
634 3491 798 3562 b.e.populi
817 3507 877 3564 pan
896 3490 1021 3545 tribubus
1039 3493 1257 3562 nondeseripta:

229 3584 316 3638 tribon
333 3587 405 3636 enim
431 3587 485 3636 iam
502 3592 566 3637 ante
585 3587 620 3655 (v.
639 3604 695 3656 cap.
716 3590 770 3658 58.)
788 3587 895 3642 delectu
915 3587 1009 3640 habito
1027 3606 1101 3641 arma
1118 3595 1259 3658 ceperant.

230 3675 312 3746 Quod
331 3676 384 3730 hoc
413 3678 472 3732 loco
498 3681 597 3752 volgus
624 3681 774 3746 urbanum,
806 3681 836 3735 id
864 3683 918 3736 alio
938 3685 983 3747 (1,
1007 3685 1045 3754 A.)
1060 3683 1163 3756 plebem
1194 3700 1256 3734 ror·-

229 3770 321 3825 didam
336 3771 498 3840 appellarit,
523 3777 604 3845 eique
627 3777 724 3850 populi
748 3790 854 3848 partem
880 3779 1033 3848 integram,
1064 3778 1081 3828 i.
1108 3770 1255 3842 estribus,

230 3867 367 3936 opposuit.
404 3866 602 3921 confirmantur
620 3870 663 3922 bis
682 3871 748 3923 iocis
767 3889 837 3942 qnae
853 3879 915 3925 ante
940 3873 975 3924 ad
1002 3889 1023 3922 c.
1043 3874 1085 3928 58·
1104 3869 1139 3924 de
1165 3869 1256 3924 tribn-

232 3965 282 4016 bnr
300 3963 420 4030 exposui.

298 4058 339 4112 2⁵.
357 4056 503 4131 peluntur]
526 4077 615 4114 nonne
629 4062 794 4131 pelluntur?
