2914 4724
163 441 258 516 ‚te
385 484 444 550 .‘
584 447 901 514 nrsroaraaum:

58 623 83 695 (⁸
99 622 127 678 C·
147 627 202 701 ⁶9.)
216 647 304 692 nemo
323 631 400 694 scire
421 639 451 694 et
470 623 575 694 omues
594 629 768 712 affirmare,
789 632 886 694 donec
906 630 1007 713 inopia
1028 627 1094 690 reri
1115 637 1145 689 et
1165 647 1253 688 oon··.
1340 639 1351 656 ³

213 757 299 798 sensu
320 739 489 800 errantium
508 738 605 800 victus
626 751 746 821 sumpto
768 713 894 802 thorade
902 737 1010 814 Galba,
1032 736 1160 797 irruenti
1170 746 1243 797 turm
1260 820 1262 829 Α

211 841 269 904 bae
292 863 392 926 neque
411 854 509 906 aetate
539 860 638 929 neque
664 867 791 928 corpore
817 849 939 922 sistens,
968 843 1040 908 sella
1069 843 1244 914 levaretur„

211 949 330 1012 Obvius
346 951 377 1012 in
396 950 509 1032 palatio
531 953 623 1014 lulius
642 955 757 1014 Atticus
776 951 970 1038 speculator,
992 961 1149 1013 cruentum
1172 949 1236 1032 gla-

209 1055 293 1116 dium
316 1065 489 1132 ostentans,
524 1061 653 1120 oecisum
684 1081 761 1120 ase
788 1059 949 1120 Othonem
971 1055 1168 1134 exclamavits
1204 1063 1264 1126 et5

210 1159 307 1222 Galba
331 1163 547 1242 „commilito“
568 1167 683 1249 inquit,
709 1170 801 1250 „qais
824 1165 958 1233 ἱιιεείῑὲιι
994 1167 1103 1248 insigni
1134 1164 1236 1224 animo

208 1270 247 1330 ad
269 1273 461 1334 coercendam
481 1273 641 1334 militarem
656 1269 829 1352 licentiam,
852 1273 1038 1335 minantibus
1051 1271 1234 1355 intrepidus,
1317 1267 1322 1278 '

207 1377 350 1440 adversus
369 1377 556 1442 blandientes
578 1371 788 1460 incorruptus.
1139 1379 1151 1394 “
1225 1356 1232 1366 ⁸

292 1485 379 1547 Haud
418 1487 529 1548 dubiae
559 1489 620 1547 iam
652 1487 812 1547 incastris
834 1488 971 1548 omniurn
1002 1497 1135 1563 mentes,
1167 1473 1299 1556 tan⁴36

204 1604 314 1673 tueque
334 1593 447 1670 ardor,
472 1605 506 1654 nt
531 1615 591 1654 non
613 1597 747 1656 contenti
781 1596 901 1676 agmine
930 1604 960 1654 et
989 1593 1173 1673 corporibus
1202 1595 1283 1658 into

205 1711 363 1781 suggestu,
383 1703 414 1760 in
437 1722 499 1784 qno
522 1702 612 1782 paulo
629 1712 700 1764 ante
723 1723 824 1762 aurea,
844 1699 960 1762 Galbae
986 1709 1083 1760 statua
1117 1694 1234 1778 fuerat,
1373 1677 1375 1683 Ι

204 1807 438 1868 medium-inter
459 1810 541 1888 signa
563 1808 717 1870 Othonem
749 1807 864 1870 vexillis
894 1804 1131 1870 circumdarent.
1174 1801 1234 1866 Nec

127 1965 136 1980 ,
203 1914 336 1976 tribunis
356 1897 409 1976 aut
428 1915 661 1976 centurionibus
681 1915 814 1982 adeundi
837 1915 937 1976 locust
971 1913 1124 1994 gregarius
1148 1912 1233 1974 miles
1260 1955 1263 1960 -

202 2026 306 2083 caueri
329 2011 455 2105 insuper
475 2025 666 2105 praepositos
684 2023 819 2104 iubebat.
857 2023 1005 2102 strepere
1026 2029 1133 2080 cuneta
1170 2019 1233 2080 cln-

203 2127 338 2190 moribus
359 2138 389 2188 et
409 2125 541 2186 tumultu
559 2137 589 2188 et
609 2124 819 2188 exhortatione
839 2138 964 2202 mutua,
996 2145 1057 2186 non
1086 2137 1231 2208 tanquam
1246 2125 1281 2188 15

203 2235 244 2294 in-
257 2232 367 2316 populo
387 2253 421 2292 ac
445 2232 550 2312 gleba,
572 2232 666 2296 variis
686 2235 769 2314 segni
802 2229 976 2315 adulatione
1000 2232 1147 2308 vecibus,
1179 2231 1230 2292 sed

204 2349 239 2402 ut
259 2361 408 2423 quemque
427 2339 610 2400 affluentium
629 2340 763 2401 militum
784 2351 976 2422 aspexerant,
999 2359 1142 2419 prensare
1167 2360 1232 2400 ma·
1307 2356 1320 2374 ι

204 2447 313 2523 nibus,
345 2447 505 2528 complecti
542 2450 652 2524 armis,
679 2446 826 2510 collocare
855 2450 952 2522 iuxta,
981 2447 1103 2527 praeire
1131 2465 1231 2510 sacras

203 2563 354 2630 mentum,
378 2553 468 2614 modo
490 2553 704 2636 imperatorem
727 2555 872 2615 militibus
890 2553 982 2614 modo
1003 2551 1111 2640 milites
1134 2555 1231 2632 impe·

204 2641 303 2724 ralori
324 2660 547 2722 commendare.
599 2661 661 2722 Nec
682 2661 784 2722 deerat
804 2662 898 2737 Otho,
921 2658 1105 2740 protendens
1125 2675 1280 2720 manusao
1296 2709 1305 2744 Ι
1354 2722 1358 2730 ,

204 2768 331 2846 adorare
352 2747 469 2850 volgusj
489 2769 586 2828 iacere
606 2767 723 2842 oscula,
754 2779 784 2830 et
804 2770 904 2829 omnia
924 2765 1072 2826 serviliter
1092 2787 1151 2847 pro
1171 2767 1231 2828 do.

118 2945 120 2950 ι
204 2873 380 2938 minatione.
425 2874 591 2958 Postquam
619 2880 758 2962 universe
790 2874 984 2936 classicorum
1020 2870 1103 2974 legio!
1123 2895 1231 2939 sancra-

204 2990 343 3042 mentum
365 2983 428 3042 eius
448 2982 574 3064 accepit,
595 2982 691 3043 fidens
711 2983 841 3058 viribus,
860 2992 890 3042 et
910 3001 985 3062 quos
1005 2980 1104 3059 adbuc
1125 2985 1230 3065 singu.

205 3087 253 3148 los
275 3089 538 3170 exstimulaverat‚
568 3089 780 3152 accendendos
809 3089 1145 3164 inremuneratus,
1174 3111 1231 3171 pro
1255 3115 1257 3122 ⁴

205 3197 285 3258 vallo
314 3207 487 3260 castrorum
514 3199 556 3260 ita
576 3200 684 3282 coepit.
735 3197 837 3277 „Quis
863 3195 903 3256 ad
932 3217 985 3258 vos
1019 3198 1229 3280 processerim,
1241 3183 1295 3262 37

208 3349 341 3360 ——u—ou·
354 3353 368 3360 ι-
377 3353 482 3367 ..η-Ἴ..

294 3437 318 3489 3.
336 3437 444 3504 sistens]
462 3433 639 3508 'l'acituspro
657 3452 702 3492 sua
726 3432 922 3486 consuetudine
941 3436 1020 3486 etiam
1033 3433 1085 3486 boe
1103 3436 1162 3489 loco
1182 3436 1231 3488 ab·

207 3531 291 3582 stinct
307 3545 322 3578 a
340 3531 421 3582 verbo
440 3533 590 3600 composito
608 3530 760 3602 (resistens)
770 3565 778 3590 ‚
798 3527 833 3602 ⁰¹?
855 3531 969 3580 multum
998 3532 1116 3598 priorum
1145 3531 1231 3600 serip-

205 3633 293 3676 torum
310 3639 385 3676 usum
405 3627 482 3696 quasi
500 3629 588 3678 minus
608 3625 748 3694 dignitatis
762 3623 876 3686 serente,
895 3640 925 3676 ac
943 3627 1062 3692 praefert
1080 3625 1230 3694 simplicem

204 3719 317 3771 sormam
337 3736 405 3770 nova
425 3721 681 3791 baccignificatione
699 3721 863 3794 instructam.
899 3719 972 3770 idem
984 3717 1077 3773 sedere
1092 3738 1138 3789 pro
1148 3739 1230 3789 prue-

203 3812 307 3876 sidere,
326 3829 458 3884 quaerere
480 3831 528 3884 pru
549 3813 702 3879 acquirere,
719 3811 787 3862 situs
804 3811 983 3878 propositus,
1001 3825 1092 3882 petere
1110 3831 1158 3882 pro
1179 3833 1229 3886 αρτ

201 3921 308 3977 petere,
328 3913 358 3956 nt
377 3901 498 3959 omittam
518 3909 587 3968 alin,
606 3905 723 3958 admisit.
743 3905 783 3956 Cf.
802 3908 831 3956 A.
851 3905 898 3968 Xl,
920 3923 958 3957 ιι.
977 3905 1038 3968 xit,
1066 3907 1107 3958 36.
1132 3907 1177 3970 ΙΙ,
1203 3927 1226 3978 7.

113 4042 115 4051 ,
202 4002 234 4054 Η.
253 4003 281 4064 Ι,
300 4001 342 4070 37.
1333 3989 1337 3996 „

275 4113 463 4173 apprensum
481 4093 517 4144 B:
537 4107 661 4160 pressare
680 4095 699 4145 Δ
720 4093 739 4145 C
760 4092 812 4146 Ml·
