2886 4726
225 407 284 470 186
368 445 374 470 1
592 397 882 466 lllSTORldRUlll
931 451 935 460 .

60 564 131 657 (ac,
149 583 322 662 69.)eulum
342 583 374 644 ia
395 592 500 666 apgrto
522 580 684 646 audebant.
725 581 893 659 Praeerat,
916 588 1062 660 utsupra
1097 597 1253 644 memora.

220 693 331 769 vimus,
352 688 488 764 lulianus
506 689 731 773 gladiatoribus,
757 688 945 773 Apollinaris
967 686 1139 768 remigibus,
1161 688 1253 752 lasci·

218 799 270 858 via
290 796 489 881 socordiaque
507 796 709 880 gladiatorum
729 800 825 882 magis
855 817 947 880 mam
979 795 1095 858 ducam
1126 797 1250 859 similes.

219 905 289 966 Non
311 903 428 986 vigilias
453 924 562 986 agere,
593 923 656 966 non
678 904 778 966 intuta
797 904 952 966 moenium
980 901 1124 964 firmare:
1159 914 1250 964 noctu

220 1011 330 1094 dieque
351 1009 422 1072 tluxi
446 1022 476 1072 et
496 1029 620 1074 amoena
638 1008 778 1101 littorum
804 1019 1021 1094 personantes,
1052 1012 1084 1070 in
1116 1007 1281 1072 minime-5

204 1123 301 1186 'rium
321 1123 405 1184 laxus
425 1121 566 1204 dispersis
589 1119 758 1199 militibus,
780 1119 819 1180 de
837 1117 917 1190 bello
938 1107 1057 1182 teritum
1079 1120 1158 1180 inter
1178 1139 1252 1180 con·

219 1229 302 1290 vivia
324 1228 551 1312 loquebantur..
585 1227 703 1304 Paucos
724 1236 795 1286 ante
828 1226 894 1288 dies
923 1225 1101 1288 &curerat
1123 1224 1252 1306 Apinius

219 1334 313 1410 Tiro,
333 1334 481 1416 donisque
504 1353 539 1394 ac
559 1331 693 1414 pecuniis
713 1330 824 1390 acerbe
843 1353 898 1414 per
928 1331 1094 1412 municipia
1123 1333 1250 1414 coaqrei.

221 1439 325 1526 repdis
345 1439 414 1523 plus
435 1437 568 1502 invidiae
596 1457 689 1518 quam
717 1434 830 1498 viriam
859 1436 997 1518 partibus
1017 1435 1156 1498 addebat.
1197 1421 1287 1502 imi

220 1547 309 1610 terim
325 1548 364 1610 ad
385 1546 512 1608 Lucium
529 1543 688 1606 Vitellium
709 1564 815 1604 servus
829 1543 969 1626 Ve'rgiaii
979 1544 1136 1625 Capitonis
1151 1545 1248 1627 persia
1262 1562 1299 1604 ιο

221 1633 285 1740 git,
307 1653 544 1738 pollicitusque,
565 1655 592 1716 ei
610 1651 793 1735 praesidium
815 1652 982 1734 acciperet,
1004 1671 1133 1714 vacuam
1154 1675 1251 1714 areem
1299 1719 1303 1728 ¹

220 1763 428 1838 traditurism,
453 1760 549 1830 multa
568 1773 655 1834 nocte
680 1760 827 1826 cobortes
848 1760 1000 1844 expeditas
1021 1763 1144 1824 summis
1164 1783 1252 1822 mon.

124 1904 126 1912 v
221 1873 300 1934 tium
321 1870 401 1954 iugis
418 1891 510 1953 super
529 1882 620 1954 caput
637 1870 771 1934 hostium
792 1869 882 1932 sistit.
923 1869 997 1930 inde
1018 1867 1102 1932 miles
1123 1871 1161 1932 ad
1184 1893 1252 1933 cae·
1284 1957 1287 1962 Δ

221 1978 291 2042 dem
313 1979 407 2062 magis
425 1999 517 2060 qaam
536 1978 730 2062 adpugnare
752 1977 905 2040 decurrit.
947 1979 1094 2041 Sternunt
1120 1979 1253 2042 inermos

221 2098 278 2148 aut
295 2107 380 2149 arma
398 2086 563 2169 capientes,
585 2097 616 2148 et
637 2086 787 2169 quosdam
807 2105 917 2148 somno
937 2087 1059 2166 excitos,
1079 2109 1150 2158 cum
1169 2083 1302 2152 tene-15

222 2195 288 2258 bria
316 2215 450 2278 pavore,
479 2193 582 2257 sonita
611 2193 774 2270 tubarum,
806 2193 939 2256 elamore
959 2193 1061 2256 hostili
1088 2195 1254 2258 turbaren-

222 2310 285 2366 t'ur.
327 2303 423 2364 Pauci
442 2300 645 2386 gladiatorum
666 2302 841 2364 resistentes¹
870 2322 970 2384 neque
989 2300 1081 2363 inulti
1106 2303 1253 2364 cocidere.

225 2411 326 2472 Ceteri
345 2408 386 2472 ad
405 2431 496 2474 naves
517 2411 657 2484 ruebant,
678 2406 732 2476 ubi
753 2422 863 2474 cuncta
883 2413 953 2494 pari
974 2412 1134 2474 formidine
1155 2411 1256 2494 impli-

224 2516 393 2596 cabantur,
411 2517 564 2598 permixtis
584 2521 724 2601 paganis,
755 2541 832 2602 quos
847 2518 935 2580 nullo
960 2519 1136 2581 discrimine
1157 2520 1255 2582 Vitel-

224 2624 300 2686 liani
318 2624 521 2688 trucidabant.
564 2627 621 2688 Sex
641 2627 824 2690 Liburnicae
834 2631 913 2688 inter
931 2629 1068 2708 primunr
1087 2625 1253 2690 tumultum
1263 2644 1303 2689 aa

226 2749 367 2808 evasere,
387 2731 420 2790 in
442 2729 511 2812 quis
530 2715 698 2812 praelectus
717 2731 817 2794 elassis
839 2731 1039 2814 Apollinarim
1061 2735 1196 2818 reliquae
1221 2737 1252 2794 in

227 2835 333 2897 littore
366 2822 487 2918 captae,
518 2849 571 2900 aut
597 2840 691 2900 nimio
719 2839 875 2902 ruentium
901 2861 994 2904 onere
1024 2864 1140 2924 pressas
1171 2863 1255 2904 mare

227 2938 340 3001 bausit.
379 2942 510 3004 lulianus
530 2942 570 3004 ad
590 2944 717 3006 Lucium
732 2943 890 3008 Vitellium
909 2948 1073 3030 perductus
1095 2959 1129 3012 ct
1146 2949 1256 3011 verbe·

228 3047 312 3110 ribus
331 3048 467 3111 foedatus
486 3051 517 3110 in
549 3071 602 3112 ore
625 3053 689 3112 eiua
713 3051 875 3135 iugulatur.
917 3053 1018 3118 Fuere
1046 3059 1099 3137 qni
1130 3077 1255 3118 uxorem

228 3156 318 3218 Lucii
337 3156 452 3220 Vitellii
472 3157 624 3222 Triariam
645 3157 846 3237 incestarent,
875 3171 1023 3244 tanquam
1055 3161 1156 3244 gladio
1175 3158 1306 3226 miti-25

300 3371 340 3407 ro·
359 3353 486 3424 Verginii
503 3356 679 3412 Puteolanum
699 3359 841 3412 anema
861 3360 980 3430 Virgilii.

302 3461 338 3497 12.
356 3447 536 3516 traditurum]
554 3449 767 3520 tradifirtarum
784 3451 907 3511 ABM³‚
930 3448 1211 3519 furrimtraditurum
1232 3456 1256 3508 G

229 3555 290 3590 curn
308 3541 376 3610 aliis.
394 3533 610 3616 tradisuturuni
623 3547 720 3599 leviter
733 3547 859 3597 vitiatum
877 3559 935 3596 esse
952 3562 985 3597 ex
1002 3546 1169 3602 traditurum
1183 3554 1256 3598 recte

230 3636 340 3701 agnovit
357 3637 508 3694 Bellorum
526 3641 605 3696 eradi
619 3643 753 3712 ficturum,
771 3639 793 3692 ei
813 3637 923 3710 linguae
937 3643 1008 3710 leges
1026 3643 1057 3697 id
1071 3643 1256 3706 admitterent,

229 3745 245 3779 e
263 3733 398 3783 sententia
416 3733 611 3790 excluderetur.
647 3735 715 3786 Nam
735 3751 825 3788 servos
843 3737 901 3803 ipae
918 3737 973 3790 dux
990 3739 1108 3793 militum
1127 3737 1181 3793 eibi
1195 3755 1254 3792 cre·
1296 3767 1302 3773 ·

230 3822 348 3874 diturum
370 3840 457 3878 arcem
475 3829 633 3881 tradendam
651 3829 770 3896 suscepit
790 3845 821 3879 ac
839 3831 962 3884 tradidit.

300 3935 341 3972 ai.
361 3923 484 3992 reliquas
501 3923 569 3987 tt³‚-
583 3931 612 3976 et
626 3936 675 3983 ur,
696 3899 751 3974 uba
771 3936 839 3987 aut,
857 3926 877 3976 B
892 3925 942 3978 Ma.

300 4015 341 4070 25.
361 4015 527 4090 incesserent
542 4014 696 4068 Ernestius:
714 4015 839 4087 plerique
861 4019 1029 4072 incesserint.
