2912 4730
127 449 129 455 ,
200 392 240 459 88
569 392 855 456 Hls'rontnaUM

38 576 65 644 (a
84 547 116 628 a
129 577 184 646 691)
199 571 242 632 illi
268 573 388 634 initium
409 575 480 636 belli
502 597 591 637 nemo
613 571 805 660 imputabat.¹
833 575 975 662 Vitellius
985 588 1145 638 ‘ventre‘et
1155 577 1225 658 gula

134 717 136 721 ·
196 679 253 740 sibi
277 681 467 754 inhonestus,
504 682 587 742 Otho
608 682 678 744 luxu
712 685 835 744 saevitia
855 683 980 746 andacia
1009 685 1054 744 rei
1086 686 1225 764 publicae

193 784 352 848 'exitiosior'
369 789 551 848 ducebatur.

277 895 453 955 Coniunctis
483 896 627 986 Caecinae
662 893 698 956 ac
724 879 860 958 Valentis
894 898 991 980 copiis
1027 897 1111 960 nulla
1144 899 1223 959 ultra

194 1024 287 1084 penes
305 989 489 1064 ¹Vitellianae
509 1022 592 1066 marsa
613 1005 685 1086 quin
708 1006 781 1066 totis
802 1005 915 1066 viribus
930 1015 1095 1070 certarent.
1138 1005 1254 1066 Oth05

193 1110 395 1185 consultavit,
416 1111 497 1189 trshi
519 1111 631 1172 bellurn
661 1131 698 1170 an
727 1111 881 1174 fortunam
908 1113 1038 1191 experiri
1073 1113 1220 1192 placeret.

193 1217 282 1278 Tunc
311 1217 646 1281 SuetontusPsutinus
674 1219 800 1300 dignum
830 1219 911 1279 ferna
942 1241 997 1280 sua
1027 1229 1131 1298 ratus,
1161 1242 1223 1301 qun

192 1346 281 1386 nemo
301 1324 352 1386 illa
372 1337 546 1406 tempestate
567 1327 707 1386 militaris
726 1331 769 1387 rei
791 1326 928 1396 callidior
959 1327 1153 1405 habebatur,
1184 1327 1224 1392 de

191 1445 254 1494 toto
274 1455 381 1516 genere
401 1432 635 1518 belli-censere,
669 1416 892 1494 festinationem
922 1433 1075 1512 hostibus,
1105 1455 1223 1494 moram
1308 1494 1310 1499 ,

191 1543 272 1623 ipsis,
285 1541 390 1601 utilem
413 1540 569 1600 disseruit.
612 1541 789 1602 Exercitum
802 1541 918 1602 Vitellii
930 1543 1105 1602 universum
1129 1541 1221 1602 adve-
1234 1521 1293 1601 39

91 1705 96 1710 ,
192 1647 289 1722 nisse,
310 1665 366 1704 nec
387 1641 515 1703 multum
534 1646 684 1708 viriuma
716 1657 825 1728 tergo,
862 1647 1008 1728 qnoniam
1032 1645 1147 1708 Galliae
1173 1658 1223 1708 tn-

192 1763 309 1825 meant,
344 1751 534 1824 et,deseres‘e
556 1748 657 1810 Rheni
692 1753 790 1832 ripam
819 1752 985 1833 irrupturis
1013 1763 1076 1814 tam
1104 1750 1222 1816 infestis

94 1881 95 1887 ¹
191 1857 366 1918 nationibus
395 1877 457 1916 non
479 1855 638 1920 conducat.
681 1859 895 1923 Britannicum
922 1857 1048 1918 militem
1079 1859 1165 1922 hoste
1193 1872 1222 1922 et

154 1949 156 1956 Α
190 1964 268 2022 mari
290 1961 453 2043 distinete
469 1963 627 2045 Hispanias
646 1966 740 2042 armis
764 1965 890 2024 nonita
925 1963 1099 2030 redundare
1108 1990 1122 2048 ςῚ
1146 1987 1221 2050 pro:-

190 2071 321 2132 vinclam
340 2071 569 2132 Narbonensem
598 2073 723 2134 incursu
751 2069 855 2132 classis
885 2081 915 2132 et
944 2071 1074 2136 adverso
1104 2075 1220 2158 praelio
1233 2072 1270 2143 15

190 2182 431 2267 contremuisse3
469 2179 600 2240 clausam
627 2165 758 2262 Alpibus
785 2191 817 2240 et
837 2179 929 2242 nullo
961 2183 1054 2244 maris
1086 2183 1219 2246 subsidio
1329 2160 1331 2164 .

189 2289 424 2371 transpadanam
448 2287 577 2364 ltaliam,
600 2301 690 2370 atque
711 2291 1218 2371 ipsotmnsituexercitnsrestam

190 2410 251 2456 nnn
272 2397 461 2458 frumentum
482 2417 607 2478 usquam
628 2399 795 2477 exercitui,
819 2419 876 2458 nec
896 2401 1060 2460 exercitum
1083 2401 1216 2462 sineno·

190 2507 246 2586 piis
266 2505 389 2565 retineri
409 2527 503 2585 posse.
546 2509 610 2566 lam
634 2506 821 2577 Germanos,
851 2503 935 2584 qnod
962 2525 1056 2584 genus
1085 2506 1216 2569 militem

192 2613 275 2694 apud
301 2613 402 2673 hostes
423 2612 644 2674 atrocissimum
679 2613 738 2686 sit,
775 2621 875 2671 tracto
898 2613 935 2672 in
965 2621 1109 2676 aestatem
1138 2613 1267 2676 bellona

191 2733 486 2746 ——nae-n—-oe-

278 2795 301 2829 π.
321 2776 374 2828 sibi
392 2773 560 2847 inhonestus]
582 2773 637 2827 sibi
653 2773 777 2826 inbuatur
805 2771 848 2822 Ma
875 2773 972 2825 omissa
998 2773 1088 2826 media
1111 2773 1218 2840 'syllaba

189 2871 267 2938 (isc),
285 2869 507 2938 quemadmodum
525 2865 598 2919 idem
615 2865 687 2918 liber
704 2879 834 2934 persaepe
853 2875 911 2914 culn
943 2866 1012 2918 alibi
1037 2875 1133 2936 peccat
1160 2877 1219 2921 tum

191 2965 414 3033 eadem‘prorsus
441 2965 546 3014 ratione
567 2963 596 3012 Α.
616 2960 676 3022 XV,
693 2961 751 3021 252,
778 2959 825 3009 ubl
856 2959 965 3012 inlausta
992 2979 1040 3030 pro
1071 2963 1216 3016 inhonesta

190 3055 311 3125 praebet.
348 3055 478 3111 Vitellius
498 3059 592 3104 ventre
610 3059 639 3103 et
653 3052 716 3119 gala
735 3051 875 3102 infamiam
903 3053 956 3104 sibi
981 3059 1133 3116 contraxit,
1159 3073 1216 3108 noa

189 3151 354 3218 perniciem:
382 3152 464 3202 immo
483 3151 575 3218 sagina
600 3148 719 3202 hominis
744 3155 832 3200 cutem
855 3147 925 3200 bene
952 3146 1072 3204 curabat.
1108 3151 1215 3212 Falsum

189 3255 230 3298 est
248 3247 329 3314 igitur
347 3245 422 3316 quod
440 3245 781 3314 pronuntiatllrnestius,
805 3245 979 3301 manifestum
1005 3263 1062 3298 esse
1090 3246 1113 3294 T
1115 3245 1215 3298 scitum
1275 3291 1282 3304 ,

189 3342 229 3392 uti
248 3341 364 3394 voluisse
381 3339 537 3394 antithetis:
555 3339 682 3392 Vitellius
710 3339 765 3392 sibi
782 3339 850 3392 otto
869 3342 912 3394 rei
926 3341 1053 3412 publicae
1072 3341 1213 3416 pernicio-

188 3453 240 3486 sus.
276 3436 342 3486 Usus
362 3443 403 3486 est
423 3431 573 3494 antithetis,
591 3433 638 3484 sed
657 3449 687 3483 ea
706 3449 761 3485 non
780 3443 836 3485 tam
854 3442 946 3486 exacte
964 3421 1213 3501 sibi'respondent,

187 3536 218 3579 ut
234 3530 319 3580 visum
337 3531 472 3582 Ernestio.
510 3525 598 3594 Vulgo
615 3527 700 3578 edunt
717 3528 937 3581 ducentenino
955 3527 1010 3578 sibi
1036 3529 1091 3594 ipse
1116 3527 1210 3578 hostis.

187 3619 494 3674 ceterorum-librorum
512 3619 646 3688 scriptura
666 3620 746 3672 ducta
763 3630 804 3673 est
828 3637 862 3672 ex
879 3627 1004 3688 corrupta
1026 3619 1069 3670 M³
1087 3635 1210 3690 perverse

185 3705 319 3772 correcta:
348 3717 450 3786 quippe
469 3717 489 3764 B
506 3713 559 3766 sttt
579 3714 740 3777 iubentis,
775 3715 800 3765 G
827 3713 952 3784 sibiipsi
980 3713 1082 3774 bostis,
1108 3717 1130 3765 Α
1157 3713 1211 3768 sits·

184 3803 312 3862 hcitibus.
347 3807 402 3877 Qui
418 3807 542 3860 intortus
558 3823 649 3861 vocem
669 3810 792 3864 Latinam
811 3823 869 3861 esse
892 3815 1051 3869 antumant,
1074 3791 1108 3860 iis
1134 3811 1209 3862 eins·

184 3902 257 3954 modi
275 3903 368 3954 sordes
386 3900 553 3970 perlibenter
567 3905 752 3972 relinquimus.
788 3901 900 3955 Scilicet
919 3900 1209 3974 quidanalogtaquitl-

185 4011 236 4062 que
255 3995 362 4063 liuguae
383 3996 648 4066 legetespostnleat
667 3995 710 4048 illi
731 4009 785 4044 non
804 4002 907 4047 curant.
