2912 4730
175 409 216 473 76
547 406 833 474 fltsTotststtUu

22 591 43 659 [a
65 588 92 644 C-
106 589 162 664 69.)
176 582 242 664 llo,
263 585 316 648 sed
337 586 401 648 scie
419 587 460 649 its
479 587 643 666 instructa,
665 599 701 650 nt
722 609 791 672 pars
813 585 1007 648 classicorum
1032 583 1132 644 mixtis
1152 604 1209 665 pa-

175 696 313 778 genisio
335 695 427 757 colles
446 696 521 756 masi
543 697 727 780 propinquos
748 705 934 779 exsurgeret,
959 678 1210 776 quantum‘inter

174 801 266 866 eolles
286 823 323 864 ae
344 803 428 864 littus
452 804 543 886 sequi
563 803 625 866 loci
645 806 857 888 praetorianos
876 803 964 864 miles
993 802 1142 884 expleret,
1175 799 1209 857 in

173 910 239 992 ipso
260 907 337 970 meri
359 919 394 970 ot
414 909 528 970 adnexa
548 911 649 973 elassis
668 922 698 972 et
718 932 841 994 pugnae
863 921 971 993 parata
1001 929 1149 968 conversa
1179 918 1210 967 et

68 1021 77 1064 ’τ
172 1016 284 1077 minaei
314 1015 416 1078 fronte
443 1018 706 1099 praetenderetur.
757 1015 937 1098 Vitelliani,
971 1016 1084 1098 quibus
1109 1014 1241 1085 minor5

172 1122 309 1206 peditum
330 1126 395 1203 vis,
416 1126 448 1186 in
473 1129 574 1209 equite
594 1128 711 1207 robur,
730 1128 857 1210 Alpinos
876 1125 1026 1210 proximis
1047 1121 1138 1206 iugis,
1160 1143 1212 1184 eo·

54 1229 81 1306 ''J-f
132 1291 135 1300 ,
173 1231 275 1307 hortes
297 1231 398 1294 densis
422 1233 582 1296 ordinibus
598 1245 671 1316 post
691 1235 826 1318 equitem
850 1237 962 1297 locent.
1005 1233 1213 1294 Treverorum

61 1343 65 1402 ξ
173 1347 294 1400 turmae
321 1341 459 1403 obtulere
486 1363 520 1402 se
539 1342 623 1402 hosti
653 1343 791 1416 incaute,
830 1365 908 1424 curn¹
930 1345 1079 1424 exciperet
1105 1349 1214 1400 contra

173 1455 334 1508 veteranus
355 1447 463 1520 miles,
491 1445 580 1508 simul
603 1469 622 1508 a
642 1448 737 1508 latere
758 1449 837 1510 saxis
858 1459 981 1530 urgeret
1002 1457 1076 1530 opta
1096 1447 1137 1508 sd
1168 1448 1215 1517 ia·
1432 1513 1433 1520 .

173 1551 319 1614 ciendum
339 1553 428 1612 etiem
450 1573 641 1636 paganorum
661 1574 792 1633 manus,
813 1531 888 1636 ‘qui
908 1554 1006 1636 sparsi
1031 1554 1111 1614 inter
1134 1553 1215 1615 mili·
1234 1579 1270 1620 ιο
1432 1535 1433 1610 l

62 1670 68 1680 '
173 1671 235 1736 tes,
263 1663 382 1722 strenui
408 1661 586 1744 ignavique,
617 1663 650 1722 iu
679 1661 808 1724 victoria
828 1661 911 1722 idem
930 1653 1092 1767 aqdeban't.
1148 1659 1215 1722 Ad.

173 1769 257 1830 ditus
278 1769 421 1852 perculsis
442 1780 545 1854 terror
562 1772 684 1832 invecta
703 1772 738 1832 in
760 1780 846 1852 terga
878 1771 1082 1852 pugnantium
1110 1769 1213 1836 classe.

174 1878 220 1940 Its
241 1875 379 1961 undique
399 1877 515 1958 eleusi3
543 1877 721 1960 deletaeque
747 1897 854 1939 omnes
887 1877 994 1958 copiae
1030 1875 1150 1955 forent,
1179 1877 1213 1936 ni
1286 1924 1303 1964 t

42 1999 75 2066 '':.
174 1987 321 2048 victorem
341 1989 504 2048 exereitum
526 1987 695 2049 attinuisset
716 1987 882 2050 obscurum
916 1989 1031 2061 noctis,
1070 1985 1212 2046 obtentui

175 2094 368 2177 fugientibus.
420 2096 480 2156 Neo
509 2093 687 2170 Vitelliani,
723 2115 899 2177 quanquam
929 2092 1020 2169 victi,
1057 2094 1212 2173 quievere.
1228 2085 1281 2166 15

42 2277 47 2290 Ι
74 2247 77 2254 ,
177 2201 289 2264 Accitis
308 2202 424 2264 auxiliis
443 2221 586 2264 securum
607 2203 728 2264 hostem
751 2223 787 2263 ao
809 2203 946 2263 successu
982 2219 1083 2261 rerum
1107 2221 1213 2260 secor.

177 2308 244 2372 dius
263 2321 398 2392 agentem
410 2309 570 2394 invadunt.
614 2310 699 2371 Caesi
720 2309 835 2391 vigiles,
856 2314 1122 2390 perruptscastra,
1147 2317 1214 2368 tre.

180 2415 317 2498 pidatum
338 2417 419 2498 apud
439 2419 541 2492 navis,
564 2397 660 2480 denec
680 2415 796 2478 sidente
818 2415 965 2497 paulatim
985 2424 1091 2490 metu,
1122 2421 1212 2479 oceu-

181 2569 414 2586 m·

255 2651 294 2716 14:
309 2645 433 2700 obtentui
443 2643 629 2716 fugientibus]
651 2643 713 2695 Non
740 2660 803 2696 vere
821 2643 857 2695 ad
876 2643 902 2694 h.
931 2645 949 2697 l.
968 2643 1108 2698 Ernestius
1138 2661 1216 2714 „quo

181 2743 282 2796 idoneo
300 2748 442 2810 praetextu
460 2741 554 2810 lugere
572 2739 715 2792 honestius
733 2745 861 2808 poterent
881 2738 1051 2792 Vitelliani.“
1086 2739 1215 2792 Vitellia-

46 2813 73 2904 ’ᾖ
181 2838 225 2892 nis
240 2836 313 2888 enim
330 2850 390 2900 non
407 2839 462 2884 tsm
480 2833 611 2886 honestae
630 2834 710 2903 logne
731 2847 796 2884 eura
814 2837 887 2894 erat,
909 2849 989 2904 quam
1008 2841 1040 2888 ut
1058 2833 1152 2903 quavis
1172 2849 1216 2884 rs.

52 2915 55 2924 ’
135 2964 143 2980 .
182 2929 260 2981 tione
280 2928 415 3000 fugientes
436 2926 576 2980 oesidtont
592 2929 783 2980 eximerentur.
819 2925 913 2997 ltaque
929 2929 1054 2983 obtentui
1080 2931 1225 3000 occipien-'

184 3025 248 3076 dum
267 3029 310 3077 est
330 3023 363 3074 de
381 3021 590 3085 tutelensem,
611 3025 672 3091 qua'
685 3021 727 3073 usi
745 3017 889 3074 Vitelliani
911 3021 1037 3077 hostibus
1057 3039 1087 3076 se
1106 3024 1219 3076 subtra-

183 3121 289 3172 xerunt.
324 3118 378 3172 Ds'e
394 3117 484 3172 Narbo
505 3115 595 3170 diense
612 3114 667 3168 den
683 3113 848 3170 Fliebsnden
866 3117 908 3168 als
926 3117 1224 3192 (sohhtzendeffldlte.

185 3211 283 3266 Eadem
301 3211 499 3281 significatione
518 3219 546 3263 et
566 3226 666 3262 nomen
684 3216 712 3260 et
728 3226 803 3262 casus
821 3211 925 3280 positus
946 3221 987 3265 est
1005 3213 1037 3262 ll.
1055 3211 1131 3280 l,b9.
1163 3213 1218 3266 Sed

186 3307 302 3359 claritas
324 3305 462 3359 natalium
481 3317 507 3357 et
523 3320 607 3360 metus
625 3317 772 3376 temporum
790 3306 932 3372 obtentui,
953 3319 984 3360 ut
1003 3305 1080 3380 quod
1096 3308 1215 3378 segnitia
1229 3301 1249 3364 ,’

186 3411 248 3453 erut
272 3401 408 3470 snpientia
438 3411 592 3454 vocaretur.
629 3399 862 3467 Quemadmodum
879 3400 921 3451 his
941 3401 972 3452 in
998 3401 1065 3454 loeis
1092 3401 1216 3454 obtentus

187 3501 230 3546 ost
247 3493 355 3556 velum,
377 3496 433 3546 sive
451 3479 555 3546 tuendo
569 3495 625 3546 sive
643 3495 817 3566 impediendo
837 3501 942 3566 aptum,
966 3497 1006 3547 its
1025 3489 1059 3552 Η.
1090 3496 1146 3560 ΙΙΙ,
1173 3493 1217 3554 56,

186 3585 297 3641 verbnm
317 3587 459 3644 obtendere
477 3599 519 3643 est
534 3591 629 3644 velare
649 3599 677 3644 et
696 3591 851 3668 obscurare·
889 3591 1075 3644 concionanti
1103 3621 1134 3634 -
1154 3603 1217 3642 tnn-

186 3695 242 3737 tum
251 3680 401 3757 jhedarum
417 3687 561 3740 voluerum
576 3688 771 3757 supervolavit
783 3700 814 3740 ut
831 3685 900 3741 nube
916 3698 980 3738 atra
999 3683 1070 3740 diem
1088 3683 1217 3738 obtende-

188 3789 256 3831 rent.
294 3775 371 3828 Coos.
390 3775 444 3840 lll,
462 3780 502 3836 36.
524 3782 650 3836 Vitellius
668 3785 741 3838 curis
758 3777 853 3835 laium
883 3777 1051 3833 obtendebat.
1081 3810 1115 3820 —
1132 3781 1215 3833 Cete-

188 3887 246 3925 rnm
266 3869 308 3924 Ma
325 3873 380 3924 lesi
398 3872 466 3925 vitio
483 3873 528 3927 hie
545 3877 665 3942 obtenui,
682 3885 713 3931 ut
731 3893 811 3948 supra
829 3879 868 3945 (I,
889 3876 944 3948 49.)
962 3875 1079 3930 obtinui.
1115 3873 1143 3926 Si
1162 3874 1216 3926 hoo

189 3964 299 4021 obtenti
318 3963 482 4034 diligentius
501 3970 697 4025 considerasset
713 3967 887 4032 waltherus,
912 3981 977 4024 sane
994 3967 1073 4020 alteri
1100 3966 1144 4020 illi
1167 3967 1215 4020 ob-

188 4062 261 4118 tinus·
279 4057 349 4114 nihil
367 4059 516 4116 tribuisset.
753 4057 756 4066 ’
